1897 3171
137 174 184 217 V,
197 177 230 218 2,
254 176 384 209 23—31
799 171 982 207 Curculio.
1545 168 1627 207 257

703 299 839 340 Phae
853 297 1064 338 dromus

852 369 973 410 Licet
1003 366 1243 408 antestari?

631 456 1140 510 Therapontigonus

1301 522 1400 564 Non
1430 522 1543 563 licet.

706 600 1070 643 Phaedromus

140 673 361 729 [Juppiter
391 678 435 716 te
466 674 577 716 male
610 674 787 728 perdat3
818 673 1052 714 intestatus
1085 667 1256 721 uiuito]

137 747 195 788 At
225 760 316 800 ego,
347 760 476 800 quem
505 746 619 796 licet,
652 750 708 787 te.
770 743 937 786 Accede
969 743 1065 784 huc.

625 831 1144 886 Therapontigonus

1011 901 1190 943 Seruom
1221 897 1460 940 antestari?

758 974 1020 1016 Curculio

1511 1040 1632 1091 Uide,

139 1120 265 1171 Hem,
297 1124 345 1162 ut
377 1120 487 1162 scias
517 1134 584 1162 me
615 1119 800 1161 liberum
832 1132 938 1160 esse.
997 1117 1114 1174 Ergo
1148 1115 1321 1157 ambula
1351 1115 1394 1156 in
1427 1115 1505 1155 ius.

640 1205 1144 1258 Thera-pontiyonus

1428 1273 1507 1314 Em
1538 1272 1630 1314 tibi.

761 1349 1019 1391 Curculio

143 1423 178 1465 O
211 1425 342 1475 ciues,
375 1423 502 1465 ciues.

640 1494 1141 1548 Therapontigonus

577 1565 690 1615 Quid
722 1565 913 1607 clamas?

698 1652 1067 1694 Phaedromus

918 1724 1029 1776 Quid
1060 1725 1140 1766 tibi
1172 1725 1300 1766 istum
1329 1722 1538 1764 tactiost?
1565 1732 1631 1766 625

634 1808 1141 1863 Therapontigonus

138 1879 252 1929 Quia
283 1880 387 1921 mihi
416 1880 656 1922 lubitumst.

704 1952 1064 1994 Phaedromus

519 2024 686 2066 Accede
718 2024 804 2066 huc
834 2028 902 2076 tu,
936 2038 1012 2078 ego
1044 2024 1165 2065 illum
1196 2022 1275 2065 tibi
1308 2021 1482 2073 dedam,
1515 2026 1625 2062 tace.

757 2085 1015 2138 Curculio

138 2167 422 2219 Phaedrome,
453 2167 645 2220 obsecro,
678 2183 805 2210 serua
834 2183 913 2210 me.

704 2231 1064 2282 Phaedromus

827 2311 1067 2366 Tamquam
1097 2325 1164 2352 me
1197 2314 1240 2352 et
1269 2311 1442 2364 genium
1474 2324 1628 2351 meum.

140 2383 276 2434 Miles,
308 2397 480 2437 quaeso,
513 2388 560 2425 ut
593 2388 634 2424 ΐιι
662 2384 765 2425 mihi
798 2383 930 2435 dicas,
963 2384 1075 2425 unde
1107 2383 1228 2425 illum
1252 2382 1412 2423 habeas
1438 2382 1627 2432 anulum,

142 2454 280 2504 Quem
310 2456 529 2509 parasitus
561 2455 629 2497 hic
660 2460 702 2497 tc
735 2455 875 2497 elusit.

233 2641 297 2674 621
323 2639 429 2674 Licet
453 2642 492 2674 te
517 2639 696 2674 antestari
784 2641 850 2674 623
875 2639 972 2673 MIL.
1001 2640 1050 2674 At
1075 2650 1144 2684 ego
1171 2650 1278 2682 quem
1303 2638 1391 2672 licet
1416 2641 1464 2671 te.
1494 2637 1628 2672 accede

142 2695 225 2731 huc.
251 2695 354 2730 CUR.
383 2695 513 2730 Serum
538 2697 726 2732 antestari.
754 2696 802 2731 M.
829 2696 912 2730 uide
1036 2698 1103 2731 624
1135 2697 1173 2730 in
1198 2696 1263 2729 ius.
1292 2706 1348 2728 em
1373 2694 1440 2727 tibi
1563 2695 1629 2728 625

143 2749 173 2784 O
200 2761 263 2786 om.
363 2752 475 2787 istum
499 2752 568 2786 tibi
661 2754 726 2787 628
751 2757 791 2787 tu
817 2764 882 2787 om.

1319 2820 1358 2852 17
