1897 3171
270 193 322 230 47
330 194 352 229 6
938 189 1083 234 Captiui

270 333 399 356 vrrorc
430 319 547 356 Mos-t.
589 321 689 355 1082
724 319 836 356 codd.
874 320 1003 369 „quod
1035 332 1137 367 agas,
1174 321 1210 356 id
1243 320 1372 369 :1gus‘'‚
1408 321 1471 356 ubi
1503 321 1594 357 olim
1627 334 1753 356 einen-

270 388 401 424 datum
438 387 565 436 „quod
597 386 741 433 agis“.)
818 388 928 433 Quod
967 392 1097 425 autem
1136 389 1354 434 Acidalius,
1403 389 1572 426 Divinat.
1618 402 1655 437 p.
1690 390 1754 435 93,

269 460 359 492 anto
393 456 471 492 236
510 456 688 492 lacunam
731 469 815 492 esse
855 457 1014 503 statuit,
1063 458 1241 506 quamvis
1288 459 1522 494 recentiores
1568 457 1655 494 edd.
1697 470 1754 493 se-

269 526 457 573 quantur,
497 524 657 572 probari
686 525 842 574 nequit,
883 538 972 562 nam
1010 525 1095 562 loco
1126 523 1464 562 recte“i11tellecto
1496 525 1684 574 praecedit
1715 524 1754 562 id

268 595 408 642 ipsum,
441 591 545 641 quod
578 591 788 639 desiderat,
822 593 1036 631 admonitio
1068 594 1184 639 servi,
1215 607 1263 629 116
1289 593 1405 630 herus
1429 592 1606 630 beneficii
1634 593 1755 629 oblati

268 662 471 698 immemor
501 662 563 698 sit.
588 681 644 686 —
669 662 762 698 237.
795 661 831 698 te
861 659 910 709 si,
942 661 1014 699 hoc
1047 661 1185 699 ordine
1209 663 1288 698 iam
1314 662 1401 699 edd.
1423 663 1607 710 antiquae.
1655 661 1755 709 Tyn—

269 730 387 766 darus
418 730 512 766 hero
545 742 621 766 non
653 730 770 767 aliter
801 743 917 779 quam
948 731 1054 779 patri
1085 743 1124 767 se
1156 730 1321 767 suadere
1354 730 1464 767 dixit.
1528 730 1667 775 Immo,
1699 743 1756 765 re-

268 798 439 847 spondet
469 798 723 843 Philocrates,
755 801 798 835 tu
830 798 922 835 mihi
954 799 1080 848 patris
1111 799 1196 835 loco
1229 811 1283 836 es.
1316 817 1369 822 —
1403 799 1481 835 239
1516 798 1758 847 septenarius

267 867 506 912 trochaicus,
554 867 619 902 sed
661 867 783 903 malus
822 870 861 903 et
899 867 981 903 sine
1025 867 1199 913 diaeresi;
1255 866 1318 904 ΒΓ.
1359 870 1512 903 mutato
1550 865 1758 902 verborum

267 935 422 971 ordine:
483 948 647 982 „moneo
694 936 834 983 stepius
873 938 913 972 te
944 948 981 972 11.
1015 933 1118 982 m.“;
1164 936 1405 972 octonarium
1444 934 1594 972 faciunt
1632 933 1756 983 Gepp.

271 1001 564 1053 „saepiuscule“,
597 1003 655 1040 Fl.
687 1004 851 1052 „saepius
878 1002 968 1040 ted“
997 1004 1225 1040 scribentes.
1250 1023 1307 1028 -—-
1337 1000 1488 1041 Audio.
1545 1002 1759 1048 „Libenter

268 1071 339 1108 hoc
380 1068 569 1108 admitto³
612 1076 771 1108 enarrat
812 1071 990 1108 Donatus
1022 1072 1071 1109 ad
1109 1072 1197 1109 Ter.
1237 1071 1336 1109 Eun.
1373 1073 1473 1117 3713
1522 1071 1568 1108 cf.
1601 1071 1756 1108 Phorm.

269 1141 360 1177 236.
423 1140 546 1177 Andr.
583 1142 672 1177 552.
746 1140 822 1177 Cic.
855 1140 969 1177 Rosa.
1002 1140 1087 1178 Am.
1125 1141 1194 1187 18,
1230 1142 1292 1178 52.
1356 1140 1483 1177 Plaut.
1518 1142 1628 1177 Cure.
1664 1141 1756 1177 610.

265 1229 319 1233 -
354 1209 432 1245 240
465 1213 591 1245 octon.
625 1209 749 1245 troch.
785 1220 1006 1246 conserues
1037 1209 1187 1247 Acidal.
1221 1222 1292 1246 em.
1325 1212 1369 1246 ut
1402 1210 1496 1246 242.

382 1278 574 1314 241—49
607 1277 732 1314 troch.
767 1278 993 1326 septenarii.
1051 1279 1143 1315 242.
1186 1273 1243 1316 Ut
1272 1277 1353 1327 qm,
1387 1291 1422 1314 V.
1450 1276 1499 1313 ad
1525 1276 1633 1313 Asin.
1665 1277 1756 1314 501.

268 1355 380 1383 erum
418 1346 494 1382 iam
532 1348 573 1382 in
605 1346 634 1382 B
666 1346 929 1383 emendatum.
998 1356 1087 1383 esse
1125 1347 1294 1395 priorem
1337 1347 1515 1395 corripit.
1566 1364 1613 1370 -—
1663 1345 1756 1381 243.

267 1411 439 1452 (antehac
468 1414 634 1451 fortasse
665 1418 704 1450 et
734 1415 858 1463 ipsum
892 1416 1036 1463 corripi
1068 1416 1212 1463 potuit,
1245 1428 1280 1451 v.
1314 1415 1467 1464 Proleg.
1493 1428 1531 1464 p.
1559 1415 1660 1459 2033
1692 1413 1757 1449 sed

271 1479 390 1531 Quod
410 1496 549 1531 parum
581 1485 688 1519 recte
719 1473 884 1530 dicitur3
916 1496 985 1519 nec
1017 1484 1117 1520 enim
1150 1483 1220 1520 hoc
1251 1496 1424 1532 unquam
1449 1486 1563 1519 antea
1590 1483 1758 1531 impera-

266 1556 389 1587 verat.
452 1550 510 1588 Fl.
548 1549 718 1598 „Quom“
756 1551 830 1597 611.,
872 1551 1027 1588 Mulier.
1066 1548 1203 1597 ..Qui“‚
1239 1565 1353 1600 quein
1387 1556 1542 1588 secutus
1575 1564 1670 1587 sum.
1708 1570 1755 1575 —

268 1619 360 1656 245.
393 1619 538 1657 Versus
571 1621 674 1656 iusto
705 1619 872 1669 longior.
919 1619 1036 1657 Both.
1066 1630 1140 1669 que
1172 1620 1335 1665 delevit;
1370 1619 1547 1656 Lindem.
1577 1620 1638 1657 ΒΓ.
1665 1629 1756 1664 eon,

266 1687 324 1724 Fl.
366 1687 490 1737 Gepp.
532 1698 759 1735 commune,
807 1689 874 1726 sed
912 1692 955 1724 ut
994 1688 1060 1724 1116
1103 1688 1229 1737 „quod
1273 1686 1392 1725 mihi*
1436 1687 1648 1733 scriberet,
1696 1687 1758 1723 hic

272 1769 421 1792 ..meum
454 1757 600 1806 quod‘'.
669 1754 827 1795 hostica
865 1758 1034 1806 priorem
1075 1758 1257 1806 corripit,
1301 1770 1335 1794 v,
1371 1757 1475 1794 Prol.
1508 1770 1543 1806 p.
1579 1755 1671 1792 201.
1707 1775 1754 1780 -

269 1826 349 1861 246
382 1821 572 1863 semibus
603 1827 680 1863 iam
713 1828 885 1875 antiquae
918 1825 1007 1862 e'dd.
1034 1846 1088 1850 —
1120 1826 1213 1862 247.
1245 1822 1480 1863 meminisse
1509 1821 1757 1870 memineris,

267 1907 302 1930 v.
335 1894 383 1930 ad
424 1894 510 1930 Aul.
548 1895 639 1932 174.
700 1893 758 1931 De
801 1894 843 1932 ut
880 1896 1048 1943 repetito
1086 1893 1135 1930 ad
1171 1894 1259 1931 Aul.
1293 1895 1387 1932 786.
1419 1913 1474 1918 —
1515 1895 1606 1931 248.
1637 1892 1759 1941 potes

267 1966 372 1998 recte
405 1966 494 2000 cett.
529 1963 638 2000 codd.
672 1982 727 1987 —-—
759 1963 853 2000 249.
884 1959 1132 2009 memoriter,
1166 1975 1200 1999 v.
1234 1961 1365 1999 Madv.
1400 1962 1476 2000 Cic.
1511 1962 1596 1998 Fin.
1628 1962 1656 2007 I,
1694 1962 1756 2007 10,

270 2032 332 2067 34.
396 2031 595 2079 Repetitio
640 2031 812 2068 eiusdem
852 2031 1027 2069 notionis
1064 2034 1108 2067 ut
1146 2032 1185 2067 in
1217 2030 1460 2068 substantivo
1493 2035 1532 2067 et
1563 2030 1757 2066 adiectivo

267 2099 317 2145 (v.
351 2099 398 2135 ad
430 2099 570 2148 Amph.
607 2099 725 2146 274),
773 2101 828 2137 ita
866 2102 906 2137 in
937 2100 1057 2137 verbo
1089 2102 1129 2136 et
1158 2099 1347 2136 adverbio
1380 2099 1518 2136 Plauto
1551 2098 1759 2135 admodum

267 2168 407 2217 placet,
437 2168 482 2205 cf.
503 2168 642 2217 Amph.
661 2169 755 2206 413.
803 2169 914 2207 Cure.
936 2169 1027 2206 534.
1048 2169 1140 2206 683.
1181 2167 1265 2205 Cas.
1286 2168 1387 2205 245:
1427 2167 1589 2217 „cupide
1608 2165 1757 2216 cupis“.

268 2236 409 2274 Pseud.
433 2238 558 2275 1295:
590 2239 657 2284 „ut
672 2236 828 2274 madide
845 2234 1064 2275 madeam“.
1109 2237 1228 2274 Poen.
1251 2235 1348 2274 609:
1372 2237 1596 2285 „sapienter
1612 2232 1756 2284 sapit“.

268 2304 377 2342 Pers.
412 2306 511 2343 428:
549 2305 705 2352 „ualido
736 2304 883 2343 ualet“.
945 2306 1102 2343 Trucul.
1138 2306 1236 2343 353:
1278 2305 1428 2344 ..nitide
1460 2302 1600 2341 nitet‘².
1632 2323 1687 2328 --
1719 2303 1756 2340 Si

268 2386 403 2410 versus
435 2377 538 2411 recte
563 2373 745 2420 traditur,
777 2370 853 2411 hac
875 2375 1019 2422 corripi
1043 2373 1219 2420 videtur3
1252 2374 1408 2410 Miiller.
1435 2373 1593 2409 maluit:
1631 2373 1758 2419 „inest

268 2441 380 2479 nobis
412 2450 541 2491 spes'',
574 2445 618 2479 ut
654 2439 759 2488 „esst
796 2443 1084 2492 corriperetur,
1118 2441 1177 2479 Fl.
1215 2445 1298 2487 „est
1329 2442 1441 2478 nobis
1472 2438 1601 2489 spes“.

384 2511 475 2547 250.
530 2510 655 2547 Sceua-
700 2511 908 2548 trochaicis
955 2511 1186 2559 septenariis
1233 2511 1391 2560 scripta.
1472 2509 1596 2556 Hegio
1644 2508 1758 2544 domo

269 2578 473 2628 egrediens
502 2579 561 2626 iis,
595 2581 662 2628 qui
694 2580 798 2616 intro
829 2582 928 2624 sunt,
963 2579 1059 2615 dicit
1090 2592 1131 2615 se
1162 2578 1273 2615 brevi
1304 2578 1521 2615 rediturum
1556 2590 1649 2613 esse.
1711 2585 1760 2613 ex

269 2644 348 2694 lctis,
382 2650 559 2697 captivis.
593 2668 648 2672 —
680 2649 772 2685 251.
814 2642 893 2685 Ubi
922 2644 1049 2684 sunt?
1080 2660 1167 2684 nam
1200 2651 1441 2684 secesserant
1475 2645 1645 2682 custodis
1668 2658 1757 2694 per-

270 2718 403 2755 missu.
443 2737 496 2741 ——
545 2718 636 2754 212
685 2714 770 2754 tihi.
795 2726 846 2754 m>
885 2714 926 2754 iv
968 2714 1206 2764 quaestione
1237 2726 1439 2760 essemus,
1486 2715 1510 2751 i.
1545 2727 1575 2750 e.
1610 2727 1657 2750 ne
1688 2727 1758 2751 nos
