1897 3171
174 182 237 226 IV,
251 184 283 227 2,
295 183 408 218 6—-25
827 182 1009 219 Curculio.
1576 190 1657 229 247

772 307 1058 363 Cappadox

615 379 869 431 Meminer03
903 381 955 422 de
985 382 1095 423 istoc
1127 382 1297 435 quietus
1330 388 1444 435 esto;

173 450 231 493 Et
260 465 375 493 nunc
406 451 662 495 idemdico.

792 539 1044 581 Curculio

544 611 600 652 Et
631 612 959 653 conmeminisse
991 624 1068 664 ego
1101 625 1258 665 quoque
1288 612 1395 654 haec
1426 615 1569 657 uolam
1601 620 1656 657 te.

771 705 1059 760 Cappadox

170 775 346 818 Memini
377 781 420 818 et
450 779 682 832 mancupio
713 778 793 820 tibi
825 778 949 820 dabo.

787 863 1043 907 Curculio

969 936 1117 990 Egone
1148 937 1202 979 ab
1234 938 1387 980 lenone
1420 939 1658 994 quidquam

169 1006 403 1062 Mancupio
435 1008 661 1062 accipiam,
694 1009 851 1062 quibus
886 1009 950 1050 sui
982 1008 1089 1050 nihil
1121 1014 1186 1051 est
1216 1011 1296 1051 nisi
1328 1024 1415 1052 una
1446 1011 1603 1066 lingua,

171 1077 254 1128 Qui
284 1080 488 1121 abiurant
518 1081 553 1122 si
585 1080 687 1133 quid
720 1081 1002 1122 creditumst‘?
1034 1081 1207 1123 Alienos
1240 1084 1523 1137 mancupatis,
1592 1096 1658 1130 495

167 1151 343 1194 Alienos
374 1152 547 1194 mittitis
580 1166 707 1194 manu
740 1152 978 1206 alienisque
1012 1153 1243 1207 inperatis3

168 1222 260 1265 Nec
289 1224 413 1265 uobis
444 1228 598 1266 auctor
629 1224 741 1266 ullus
774 1229 841 1267 est
871 1239 950 1266 nec
980 1222 1147 1267 uosmet
1178 1226 1282 1267 estis
1314 1226 1403 1267 ulli.

168 1294 260 1348 Ego
283 1308 540 1350 mancupem
565 1301 607 1338 te
632 1296 740 1338 nihil
756 1311 899 1338 moror
914 1311 992 1338 nec
1014 1297 1211 1339 lenonem
1230 1297 1363 1338 alium
1382 1312 1655 1352 quemquam.

166 1366 278 1408 Item
308 1381 442 1421 genus
475 1372 541 1410 est
570 1368 789 1410 lenonium
821 1369 933 1410 inter
963 1369 1157 1411 homines
1188 1383 1282 1411 meo
1315 1370 1488 1423 quidem
1514 1372 1656 1413 animo

167 1438 227 1481 Ut
256 1453 444 1491 muscae,
477 1439 648 1491 culices,
681 1442 853 1482 cimices
885 1440 1104 1495 pedesque
1136 1441 1408 1495 pulicesque,
1592 1455 1658 1488 500

169 1510 280 1554 odio
312 1515 355 1553 et
385 1512 498 1554 malo
530 1516 573 1554 et
602 1513 841 1564 molestiae,
874 1513 987 1554 bono
1018 1514 1116 1554 usui
1148 1514 1250 1555 estis
1283 1513 1401 1555 nulli.

169 1582 258 1625 Nec
288 1583 514 1626 uobiscum
546 1585 774 1639 quisquam
807 1586 850 1626 in
881 1584 975 1626 foro
1006 1584 1120 1638 frugi
1153 1586 1391 1627 consistere
1424 1586 1575 1639 audet3

171 1654 254 1705 Qui
285 1656 492 1708 constitit,
523 1656 699 1711 culpant
731 1671 839 1707 eum,
871 1657 1135 1711 conspuitur,
1167 1658 1462 1711 uituperatur3

168 1727 278 1769 Eum
309 1741 400 1769 rem
431 1726 645 1781 fidemque
676 1728 868 1782 perdere,
901 1729 1076 1771 tametsi
1106 1729 1214 1771 nihil
1245 1730 1359 1780 fecit,
1392 1731 1526 1772 aiunt.

842 1816 979 1870 Lyco

172 1886 341 1941 Edepol
370 1886 548 1930 lenones
579 1901 673 1929 meo
707 1888 849 1930 animo
881 1889 1055 1940 nouisti,
1088 1888 1219 1940 lusce,
1252 1889 1407 1944 lepide.
1592 1902 1658 1936 505

791 1974 1042 2018 Curculio

168 2044 333 2086 Eodem
365 2045 450 2086 loco
481 2045 627 2088 hercle
659 2061 737 2088 uos
769 2061 903 2101 pon03
936 2049 1165 2102 parissumi
1198 2049 1299 2090 estis
1332 2048 1470 2090 bibus.

165 2116 224 2158 Hi
255 2116 411 2158 saltem
441 2117 486 2158 in
518 2118 699 2160 occultis
731 2119 838 2161 locis
871 2124 1084 2173 prostant,
1117 2134 1196 2162 uos
1228 2121 1271 2162 in
1296 2109 1395 2163 'foro
1427 2122 1542 2176 ipso,

166 2187 254 2230 Uos
284 2188 433 2231 fenore
463 2188 672 2241 homines,
713 2190 756 2231 hi
794 2191 906 2233 male
939 2192 1159 2234 suadendo
1192 2196 1235 2234 et
1265 2193 1414 2235 lustris
1445 2194 1655 2235 lacerant.

167 2260 469 2313 Rogitationes
501 2261 725 2314 plurumas
758 2260 936 2317 propter
966 2278 1043 2305 uos
1076 2265 1265 2319 populus
1298 2265 1438 2315 sciuit,

166 2330 284 2382 Quas
316 2346 393 2374 uos
423 2337 598 2386 rogatas
630 2335 852 2388 rumpitis3
885 2335 1073 2390 aliquam
1105 2337 1306 2390 reperitis
1338 2338 1508 2389 rimam3
1592 2349 1658 2381 510

167 2401 301 2453 Quasi
330 2417 490 2458 aquam
519 2405 762 2448 feruentem
792 2407 995 2461 frigidam
1027 2422 1119 2450 esse
1144 2409 1207 2450 ita
1231 2422 1310 2450 uos
1336 2409 1499 2463 putatis
1526 2408 1654 2462 leges

257 2590 324 2623 492
347 2589 420 2623 LY.
445 2589 496 2623 Et
521 2592 805 2626 conmeminisse
832 2603 899 2636 ego
924 2592 1005 2626 haec
1093 2593 1161 2627 494
1186 2593 1366 2637 occipiam
1448 2593 1514 2626 495
1541 2592 1571 2626 si
1596 2593 1657 2636 qui

164 2646 234 2680 496
257 2657 369 2681 manu
392 2646 540 2681 mittitis
617 2648 683 2682 497
709 2648 821 2682 ullust
889 2649 995 2684 testis
1074 2650 1142 2684 498
1167 2650 1296 2693 leyitm'
1315 2653 1404 2691 post
1428 2651 1505 2683 514.
1591 2650 1656 2683 500

167 2702 315 2738 cimices
341 2713 407 2738 om.
518 2704 585 2738 506
610 2704 693 2739 loco
720 2716 784 2740 om.
895 2707 997 2750 pono
1020 2710 1057 2740 et
1080 2717 1170 2750 paro
1195 2705 1390 2749 parissumi
1500 2706 1565 2739 507
1590 2704 1656 2739 His

257 2759 388 2794 inuoro
481 2761 548 2795 508
572 2759 700 2795 fenore
724 2762 763 2796 hi
786 2774 835 2797 m.
864 2775 889 2797 s.
918 2775 945 2797 e.
972 2763 995 2797 1.
1022 2763 1187 2797 lacerant
1210 2762 1377 2796 homines
