<?xml version="1.0" encoding="UTF-8"?>
<!DOCTYPE html PUBLIC "-//W3C//DTD XHTML 1.0 Transitional//EN"
    "http://www.w3.org/TR/xhtml1/DTD/xhtml1-transitional.dtd">
<html xmlns="http://www.w3.org/1999/xhtml" xml:lang="en" lang="en">
 <head>
  <title>
</title>
<meta http-equiv="Content-Type" content="text/html;charset=utf-8" />
  <meta name='ocr-system' content='tesseract 3.04.00' />
  <meta name='ocr-capabilities' content='ocr_page ocr_carea ocr_par ocr_line ocrx_word'/>
</head>
<body>
  <div class='ocr_page' id='page_1' title='image "./comoediaerecensu02plauuoft_0100.png"; bbox 0 0 1854 3188; ppageno 0'>
   <div class='ocr_carea' id='block_1_1' title="bbox 244 194 1730 241">
    <p class='ocr_par' dir='ltr' id='par_1_1' title="bbox 244 194 1730 241">
     <span class='ocr_line' id='line_1_1' title="bbox 244 194 1730 241; baseline 0.004 -15"><span class='ocrx_word' id='word_1_1' title='bbox 244 197 296 235; x_wconf 76' lang='lat'>80</span> <span class='ocrx_word' id='word_1_2' title='bbox 927 194 1050 229; x_wconf 69' lang='lat' dir='ltr'>Plauti</span> <span class='ocrx_word' id='word_1_3' title='bbox 1480 195 1531 241; x_wconf 84' lang='lat'>11,</span> <span class='ocrx_word' id='word_1_4' title='bbox 1547 198 1579 240; x_wconf 74' lang='lat'>3,</span> <span class='ocrx_word' id='word_1_5' title='bbox 1596 198 1730 232; x_wconf 81' lang='lat'>52—70</span> 
     </span>
    </p>
   </div>
   <div class='ocr_carea' id='block_1_2' title="bbox 240 320 1735 1452">
    <p class='ocr_par' dir='ltr' id='par_1_2' title="bbox 240 320 1735 1452">
     <span class='ocr_line' id='line_1_2' title="bbox 843 320 1138 375; baseline 0 -13"><span class='ocrx_word' id='word_1_6' title='bbox 843 320 1138 375; x_wconf 82' lang='lat' dir='ltr'>Chrysalus</span> 
     </span>
     <span class='ocr_line' id='line_1_3' title="bbox 240 390 1204 434; baseline 0.001 -2"><span class='ocrx_word' id='word_1_7' title='bbox 240 390 281 432; x_wconf 88' lang='lat' dir='ltr'>Is</span> <span class='ocrx_word' id='word_1_8' title='bbox 311 390 478 433; x_wconf 79' lang='lat' dir='ltr'>lembus</span> <span class='ocrx_word' id='word_1_9' title='bbox 509 396 682 433; x_wconf 85' lang='lat' dir='ltr'>nostrae</span> <span class='ocrx_word' id='word_1_10' title='bbox 713 392 815 434; x_wconf 88' lang='lat' dir='ltr'>naui</span> <span class='ocrx_word' id='word_1_11' title='bbox 845 392 1025 434; x_wconf 80' lang='lat' dir='ltr'>insidias</span> <span class='ocrx_word' id='word_1_12' title='bbox 1059 392 1204 433; x_wconf 84' lang='lat' dir='ltr'>dabat.</span> 
     </span>
     <span class='ocr_line' id='line_1_4' title="bbox 243 462 1482 517; baseline 0.002 -13"><span class='ocrx_word' id='word_1_13' title='bbox 243 462 403 516; x_wconf 83' lang='lat' dir='ltr'>Occepi</span> <span class='ocrx_word' id='word_1_14' title='bbox 434 477 512 517; x_wconf 85' lang='lat' dir='ltr'>ego</span> <span class='ocrx_word' id='word_1_15' title='bbox 545 463 778 505; x_wconf 86' lang='lat' dir='ltr'>obseruare</span> <span class='ocrx_word' id='word_1_16' title='bbox 811 478 898 515; x_wconf 70' lang='lat' dir='ltr'>eos,</span> <span class='ocrx_word' id='word_1_17' title='bbox 933 478 1166 517; x_wconf 80' lang='lat' dir='ltr'>quamnam</span> <span class='ocrx_word' id='word_1_18' title='bbox 1195 478 1286 505; x_wconf 87' lang='lat' dir='ltr'>rem</span> <span class='ocrx_word' id='word_1_19' title='bbox 1317 469 1482 517; x_wconf 85' lang='lat' dir='ltr'>gerant.</span> 
     </span>
     <span class='ocr_line' id='line_1_5' title="bbox 240 534 1732 590; baseline 0.004 -15"><span class='ocrx_word' id='word_1_20' title='bbox 240 534 411 576; x_wconf 75' lang='lat' dir='ltr'>Interea</span> <span class='ocrx_word' id='word_1_21' title='bbox 442 549 463 576; x_wconf 90' lang='lat' dir='ltr'>e</span> <span class='ocrx_word' id='word_1_22' title='bbox 494 539 624 590; x_wconf 90' lang='lat' dir='ltr'>portu</span> <span class='ocrx_word' id='word_1_23' title='bbox 654 539 805 577; x_wconf 87' lang='lat' dir='ltr'>nostra</span> <span class='ocrx_word' id='word_1_24' title='bbox 836 536 961 576; x_wconf 86' lang='lat' dir='ltr'>nauis</span> <span class='ocrx_word' id='word_1_25' title='bbox 993 535 1190 577; x_wconf 85' lang='lat' dir='ltr'>soluitur.</span> <span class='ocrx_word' id='word_1_26' title='bbox 1667 549 1732 583; x_wconf 80' lang='lat'>285</span> 
     </span>
     <span class='ocr_line' id='line_1_6' title="bbox 240 605 1298 661; baseline 0.001 -14"><span class='ocrx_word' id='word_1_27' title='bbox 240 605 325 647; x_wconf 86' lang='lat' dir='ltr'>Ubi</span> <span class='ocrx_word' id='word_1_28' title='bbox 355 612 485 660; x_wconf 82' lang='lat' dir='ltr'>portu</span> <span class='ocrx_word' id='word_1_29' title='bbox 518 607 695 659; x_wconf 77' lang='lat' dir='ltr'>eximus,</span> <span class='ocrx_word' id='word_1_30' title='bbox 727 607 921 649; x_wconf 86' lang='lat' dir='ltr'>homines</span> <span class='ocrx_word' id='word_1_31' title='bbox 953 608 1131 661; x_wconf 84' lang='lat' dir='ltr'>remigio</span> <span class='ocrx_word' id='word_1_32' title='bbox 1164 608 1298 660; x_wconf 71' lang='lat' dir='ltr'>sequi,</span> 
     </span>
     <span class='ocr_line' id='line_1_7' title="bbox 240 677 1486 732; baseline 0.002 -13"><span class='ocrx_word' id='word_1_33' title='bbox 240 677 393 732; x_wconf 77' lang='lat' dir='ltr'>Neque</span> <span class='ocrx_word' id='word_1_34' title='bbox 425 693 530 721; x_wconf 87' lang='lat' dir='ltr'>aues</span> <span class='ocrx_word' id='word_1_35' title='bbox 561 693 700 732; x_wconf 87' lang='lat' dir='ltr'>neque</span> <span class='ocrx_word' id='word_1_36' title='bbox 731 680 851 721; x_wconf 86' lang='lat' dir='ltr'>uenti</span> <span class='ocrx_word' id='word_1_37' title='bbox 885 680 1025 721; x_wconf 85' lang='lat' dir='ltr'>citius.</span> <span class='ocrx_word' id='word_1_38' title='bbox 1089 678 1300 728; x_wconf 79' lang='lat' dir='ltr'>Quoniam</span> <span class='ocrx_word' id='word_1_39' title='bbox 1332 680 1486 731; x_wconf 83' lang='lat' dir='ltr'>sentio,</span> 
     </span>
     <span class='ocr_line' id='line_1_8' title="bbox 242 749 1438 805; baseline 0.003 -14"><span class='ocrx_word' id='word_1_40' title='bbox 242 749 360 799; x_wconf 87' lang='lat' dir='ltr'>Quae</span> <span class='ocrx_word' id='word_1_41' title='bbox 390 765 459 793; x_wconf 88' lang='lat' dir='ltr'>res</span> <span class='ocrx_word' id='word_1_42' title='bbox 489 756 723 805; x_wconf 71' lang='lat' dir='ltr'>gereretur,</span> <span class='ocrx_word' id='word_1_43' title='bbox 756 765 910 792; x_wconf 88' lang='lat' dir='ltr'>nauem</span> <span class='ocrx_word' id='word_1_44' title='bbox 943 751 1158 805; x_wconf 78' lang='lat' dir='ltr'>extemplo</span> <span class='ocrx_word' id='word_1_45' title='bbox 1193 752 1438 794; x_wconf 80' lang='lat' dir='ltr'>statuimus.</span> 
     </span>
     <span class='ocr_line' id='line_1_9' title="bbox 242 822 1367 876; baseline 0.002 -14"><span class='ocrx_word' id='word_1_46' title='bbox 242 822 455 872; x_wconf 84' lang='lat' dir='ltr'>Quoniam</span> <span class='ocrx_word' id='word_1_47' title='bbox 485 823 636 865; x_wconf 87' lang='lat' dir='ltr'>uident</span> <span class='ocrx_word' id='word_1_48' title='bbox 667 837 743 864; x_wconf 90' lang='lat' dir='ltr'>nos</span> <span class='ocrx_word' id='word_1_49' title='bbox 776 828 904 864; x_wconf 80' lang='lat' dir='ltr'>stare.</span> <span class='ocrx_word' id='word_1_50' title='bbox 938 827 1198 876; x_wconf 86' lang='lat' dir='ltr'>occeperunt</span> <span class='ocrx_word' id='word_1_51' title='bbox 1228 828 1367 865; x_wconf 84' lang='lat' dir='ltr'>ratem</span> 
     </span>
     <span class='ocr_line' id='line_1_10' title="bbox 241 894 684 949; baseline 0.002 -14"><span class='ocrx_word' id='word_1_52' title='bbox 241 894 436 936; x_wconf 87' lang='lat' dir='ltr'>Turbare</span> <span class='ocrx_word' id='word_1_53' title='bbox 467 896 510 936; x_wconf 90' lang='lat' dir='ltr'>in</span> <span class='ocrx_word' id='word_1_54' title='bbox 542 899 684 949; x_wconf 87' lang='lat' dir='ltr'>portu.</span> 
     </span>
     <span class='ocr_line' id='line_1_11' title="bbox 834 966 1136 1008; baseline 0.003 -1"><span class='ocrx_word' id='word_1_55' title='bbox 834 966 1136 1008; x_wconf 75' lang='lat' dir='ltr'>Nicobulus</span> 
     </span>
     <span class='ocr_line' id='line_1_12' title="bbox 730 1038 1735 1092; baseline 0.004 -12"><span class='ocrx_word' id='word_1_56' title='bbox 730 1038 897 1092; x_wconf 79' lang='lat' dir='ltr'>Edepol</span> <span class='ocrx_word' id='word_1_57' title='bbox 929 1039 1125 1080; x_wconf 83' lang='lat' dir='ltr'>mortalis</span> <span class='ocrx_word' id='word_1_58' title='bbox 1156 1039 1306 1081; x_wconf 84' lang='lat' dir='ltr'>malos.</span> <span class='ocrx_word' id='word_1_59' title='bbox 1668 1051 1735 1084; x_wconf 85' lang='lat'>290</span> 
     </span>
     <span class='ocr_line' id='line_1_13' title="bbox 243 1109 767 1165; baseline 0.002 -14"><span class='ocrx_word' id='word_1_60' title='bbox 243 1109 355 1160; x_wconf 86' lang='lat' dir='ltr'>Quid</span> <span class='ocrx_word' id='word_1_61' title='bbox 388 1111 572 1164; x_wconf 84' lang='lat' dir='ltr'>denique</span> <span class='ocrx_word' id='word_1_62' title='bbox 604 1111 767 1165; x_wconf 70' lang='lat' dir='ltr'>agitis?</span> 
     </span>
     <span class='ocr_line' id='line_1_14' title="bbox 840 1181 1136 1237; baseline 0.003 -14"><span class='ocrx_word' id='word_1_63' title='bbox 840 1181 1136 1237; x_wconf 66' lang='lat' dir='ltr'>Chrysalus</span> 
     </span>
     <span class='ocr_line' id='line_1_15' title="bbox 820 1255 1559 1308; baseline 0.001 -13"><span class='ocrx_word' id='word_1_64' title='bbox 820 1255 1007 1296; x_wconf 66' lang='lat' dir='ltr'>Rursum</span> <span class='ocrx_word' id='word_1_65' title='bbox 1040 1255 1083 1296; x_wconf 89' lang='grc'>111</span> <span class='ocrx_word' id='word_1_66' title='bbox 1113 1258 1285 1308; x_wconf 86' lang='lat' dir='ltr'>portum</span> <span class='ocrx_word' id='word_1_67' title='bbox 1314 1255 1559 1308; x_wconf 82' lang='lat' dir='ltr'>recipimus.</span> 
     </span>
     <span class='ocr_line' id='line_1_16' title="bbox 833 1327 1130 1368; baseline 0 0"><span class='ocrx_word' id='word_1_68' title='bbox 833 1327 1130 1368; x_wconf 75' lang='lat' dir='ltr'>Nicobulus</span> 
     </span>
     <span class='ocr_line' id='line_1_17' title="bbox 244 1398 1374 1452; baseline -0.001 -12"><span class='ocrx_word' id='word_1_69' title='bbox 244 1398 469 1452; x_wconf 83' lang='lat' dir='ltr'>Sapienter</span> <span class='ocrx_word' id='word_1_70' title='bbox 500 1399 665 1442; x_wconf 85' lang='lat' dir='ltr'>factum</span> <span class='ocrx_word' id='word_1_71' title='bbox 698 1413 724 1441; x_wconf 88' lang='lat' dir='ltr'>a</span> <span class='ocrx_word' id='word_1_72' title='bbox 753 1400 894 1441; x_wconf 89' lang='lat' dir='ltr'>uobis.</span> <span class='ocrx_word' id='word_1_73' title='bbox 958 1398 1068 1448; x_wconf 84' lang='lat' dir='ltr'>Quid</span> <span class='ocrx_word' id='word_1_74' title='bbox 1099 1399 1162 1440; x_wconf 88' lang='lat' dir='ltr'>illi</span> <span class='ocrx_word' id='word_1_75' title='bbox 1193 1398 1374 1452; x_wconf 76' lang='lat' dir='ltr'>postea?</span> 
     </span>
    </p>
   </div>
   <div class='ocr_carea' id='block_1_3' title="bbox 243 1481 1247 1608">
    <p class='ocr_par' dir='ltr' id='par_1_3' title="bbox 243 1481 1247 1608">
     <span class='ocr_line' id='line_1_18' title="bbox 839 1481 1138 1536; baseline -0.003 -13"><span class='ocrx_word' id='word_1_76' title='bbox 839 1481 870 1523; x_wconf 92' lang='lat' dir='ltr'>C</span> <span class='ocrx_word' id='word_1_77' title='bbox 884 1482 911 1523; x_wconf 83' lang='lat' dir='ltr'>h</span> <span class='ocrx_word' id='word_1_78' title='bbox 921 1497 942 1523; x_wconf 88' lang='lat' dir='ltr'>r</span> <span class='ocrx_word' id='word_1_79' title='bbox 951 1497 977 1536; x_wconf 50' lang='grc' dir='ltr'><em>γ</em></span> <span class='ocrx_word' id='word_1_80' title='bbox 987 1496 1005 1523; x_wconf 86' lang='lat' dir='ltr'>s</span> <span class='ocrx_word' id='word_1_81' title='bbox 1017 1496 1041 1523; x_wconf 87' lang='lat' dir='ltr'>a</span> <span class='ocrx_word' id='word_1_82' title='bbox 1053 1482 1067 1522; x_wconf 90' lang='grc'>1</span> <span class='ocrx_word' id='word_1_83' title='bbox 1080 1497 1109 1522; x_wconf 87' lang='grc'>11</span> <span class='ocrx_word' id='word_1_84' title='bbox 1121 1496 1138 1523; x_wconf 92' lang='lat' dir='ltr'>s</span> 
     </span>
     <span class='ocr_line' id='line_1_19' title="bbox 243 1554 1247 1608; baseline -0.001 -13"><span class='ocrx_word' id='word_1_85' title='bbox 243 1554 555 1596; x_wconf 83' lang='lat' dir='ltr'>Reuorsionem</span> <span class='ocrx_word' id='word_1_86' title='bbox 587 1555 641 1595; x_wconf 86' lang='lat' dir='ltr'>ad</span> <span class='ocrx_word' id='word_1_87' title='bbox 672 1559 835 1596; x_wconf 79' lang='lat' dir='ltr'>terram</span> <span class='ocrx_word' id='word_1_88' title='bbox 866 1554 1032 1595; x_wconf 85' lang='lat' dir='ltr'>faciunt</span> <span class='ocrx_word' id='word_1_89' title='bbox 1062 1554 1247 1608; x_wconf 85' lang='lat' dir='ltr'>uesperi.</span> 
     </span>
    </p>
   </div>
   <div class='ocr_carea' id='block_1_4' title="bbox 242 1639 1739 2215">
    <p class='ocr_par' dir='ltr' id='par_1_4' title="bbox 242 1639 1739 2215">
     <span class='ocr_line' id='line_1_20' title="bbox 839 1639 1145 1682; baseline 0 0"><span class='ocrx_word' id='word_1_90' title='bbox 839 1639 1145 1682; x_wconf 74' lang='lat' dir='ltr'>Nicobulus</span> 
     </span>
     <span class='ocr_line' id='line_1_21' title="bbox 242 1712 1599 1767; baseline 0 -13"><span class='ocrx_word' id='word_1_91' title='bbox 242 1714 406 1755; x_wconf 87' lang='lat' dir='ltr'>Aurum</span> <span class='ocrx_word' id='word_1_92' title='bbox 438 1713 583 1755; x_wconf 87' lang='lat' dir='ltr'>hercle</span> <span class='ocrx_word' id='word_1_93' title='bbox 614 1713 785 1755; x_wconf 86' lang='lat' dir='ltr'>auferre</span> <span class='ocrx_word' id='word_1_94' title='bbox 817 1713 1015 1764; x_wconf 78' lang='grc' dir='ltr'><strong>11011101ος</strong></span> <span class='ocrx_word' id='word_1_95' title='bbox 1050 1713 1087 1754; x_wconf 83' lang='lat' dir='ltr'>ei</span> <span class='ocrx_word' id='word_1_96' title='bbox 1119 1713 1182 1754; x_wconf 86' lang='lat' dir='ltr'>rei</span> <span class='ocrx_word' id='word_1_97' title='bbox 1214 1726 1391 1767; x_wconf 85' lang='lat' dir='ltr'>operam</span> <span class='ocrx_word' id='word_1_98' title='bbox 1424 1712 1599 1755; x_wconf 85' lang='lat' dir='ltr'>dabant.</span> 
     </span>
     <span class='ocr_line' id='line_1_22' title="bbox 841 1799 1136 1854; baseline 0 -13"><span class='ocrx_word' id='word_1_99' title='bbox 841 1799 870 1842; x_wconf 88' lang='lat' dir='ltr'>C</span> <span class='ocrx_word' id='word_1_100' title='bbox 881 1799 1136 1854; x_wconf 63' lang='lat' dir='ltr'>hrysalus</span> 
     </span>
     <span class='ocr_line' id='line_1_23' title="bbox 242 1870 1739 1924; baseline -0.001 -10"><span class='ocrx_word' id='word_1_101' title='bbox 242 1872 340 1914; x_wconf 75' lang='lat' dir='ltr'>Non</span> <span class='ocrx_word' id='word_1_102' title='bbox 371 1887 438 1914; x_wconf 89' lang='lat' dir='ltr'>me</span> <span class='ocrx_word' id='word_1_103' title='bbox 470 1872 637 1923; x_wconf 70' lang='lat' dir='ltr'>fefellit,</span> <span class='ocrx_word' id='word_1_104' title='bbox 670 1873 801 1924; x_wconf 69' lang='lat' dir='ltr'>sensig</span> <span class='ocrx_word' id='word_1_105' title='bbox 835 1887 884 1914; x_wconf 91' lang='lat' dir='ltr'>eo</span> <span class='ocrx_word' id='word_1_106' title='bbox 917 1873 1192 1913; x_wconf 81' lang='lat' dir='ltr'>exanimatus</span> <span class='ocrx_word' id='word_1_107' title='bbox 1223 1870 1297 1913; x_wconf 85' lang='lat' dir='ltr'>fui.</span> <span class='ocrx_word' id='word_1_108' title='bbox 1674 1884 1739 1918; x_wconf 76' lang='lat'>295</span> 
     </span>
     <span class='ocr_line' id='line_1_24' title="bbox 246 1943 1172 1995; baseline -0.002 -9"><span class='ocrx_word' id='word_1_109' title='bbox 246 1945 458 1995; x_wconf 88' lang='lat' dir='ltr'>Quoniam</span> <span class='ocrx_word' id='word_1_110' title='bbox 488 1945 687 1986; x_wconf 86' lang='lat' dir='ltr'>uidemus</span> <span class='ocrx_word' id='word_1_111' title='bbox 720 1959 824 1986; x_wconf 85' lang='lat' dir='ltr'>auro</span> <span class='ocrx_word' id='word_1_112' title='bbox 856 1944 1034 1985; x_wconf 74' lang='lat' dir='ltr'>insidias</span> <span class='ocrx_word' id='word_1_113' title='bbox 1065 1943 1172 1994; x_wconf 74' lang='lat' dir='ltr'>fieri,</span> 
     </span>
     <span class='ocr_line' id='line_1_25' title="bbox 245 2015 1231 2070; baseline -0.002 -12"><span class='ocrx_word' id='word_1_114' title='bbox 245 2017 448 2070; x_wconf 86' lang='lat' dir='ltr'>Capimus</span> <span class='ocrx_word' id='word_1_115' title='bbox 481 2016 704 2058; x_wconf 84' lang='lat' dir='ltr'>consilium</span> <span class='ocrx_word' id='word_1_116' title='bbox 738 2017 956 2057; x_wconf 84' lang='lat' dir='ltr'>continuo.</span> <span class='ocrx_word' id='word_1_117' title='bbox 1018 2015 1231 2057; x_wconf 80' lang='lat' dir='ltr'>Postridie</span> 
     </span>
     <span class='ocr_line' id='line_1_26' title="bbox 243 2086 1283 2142; baseline -0.002 -12"><span class='ocrx_word' id='word_1_118' title='bbox 243 2088 489 2130; x_wconf 89' lang='lat' dir='ltr'>Auferimus</span> <span class='ocrx_word' id='word_1_119' title='bbox 522 2102 675 2130; x_wconf 81' lang='lat' dir='ltr'>aurum</span> <span class='ocrx_word' id='word_1_120' title='bbox 708 2102 831 2130; x_wconf 83' lang='lat' dir='ltr'>omne</span> <span class='ocrx_word' id='word_1_121' title='bbox 862 2088 947 2129; x_wconf 86' lang='lat' dir='ltr'>illis</span> <span class='ocrx_word' id='word_1_122' title='bbox 979 2086 1283 2142; x_wconf 85' lang='lat' dir='ltr'>praesentibus</span> 
     </span>
     <span class='ocr_line' id='line_1_27' title="bbox 243 2159 1474 2215; baseline 0 -14"><span class='ocrx_word' id='word_1_123' title='bbox 243 2160 394 2202; x_wconf 80' lang='lat' dir='ltr'>Palam</span> <span class='ocrx_word' id='word_1_124' title='bbox 427 2164 557 2213; x_wconf 86' lang='lat' dir='ltr'>atque</span> <span class='ocrx_word' id='word_1_125' title='bbox 590 2165 752 2215; x_wconf 70' lang='lat' dir='ltr'>aperte,</span> <span class='ocrx_word' id='word_1_126' title='bbox 785 2164 833 2201; x_wconf 90' lang='lat' dir='ltr'>ut</span> <span class='ocrx_word' id='word_1_127' title='bbox 864 2160 927 2201; x_wconf 87' lang='grc'><strong>1111</strong></span> <span class='ocrx_word' id='word_1_128' title='bbox 957 2159 1001 2200; x_wconf 89' lang='lat' dir='ltr'>id</span> <span class='ocrx_word' id='word_1_129' title='bbox 1031 2159 1192 2200; x_wconf 83' lang='lat' dir='ltr'>factum</span> <span class='ocrx_word' id='word_1_130' title='bbox 1228 2159 1474 2201; x_wconf 78' lang='lat' dir='ltr'>sciscerent.</span> 
     </span>
    </p>
   </div>
   <div class='ocr_carea' id='block_1_5' title="bbox 244 2246 1735 2604">
    <p class='ocr_par' dir='ltr' id='par_1_5' title="bbox 244 2246 1735 2604">
     <span class='ocr_line' id='line_1_28' title="bbox 848 2246 1143 2288; baseline -0.003 0"><span class='ocrx_word' id='word_1_131' title='bbox 848 2246 1143 2288; x_wconf 76' lang='lat' dir='ltr'>Nicobulus</span> 
     </span>
     <span class='ocr_line' id='line_1_29' title="bbox 247 2318 1003 2372; baseline -0.001 -12"><span class='ocrx_word' id='word_1_132' title='bbox 247 2318 360 2361; x_wconf 83' lang='lat' dir='ltr'>Scite</span> <span class='ocrx_word' id='word_1_133' title='bbox 393 2319 551 2361; x_wconf 85' lang='lat' dir='ltr'>hercle.</span> <span class='ocrx_word' id='word_1_134' title='bbox 614 2318 743 2370; x_wconf 87' lang='lat' dir='ltr'>Cedo,</span> <span class='ocrx_word' id='word_1_135' title='bbox 775 2319 881 2372; x_wconf 82' lang='lat' dir='ltr'>quid</span> <span class='ocrx_word' id='word_1_136' title='bbox 911 2319 1003 2359; x_wconf 76' lang='lat' dir='ltr'>illi‘?</span> 
     </span>
     <span class='ocr_line' id='line_1_30' title="bbox 841 2405 1143 2460; baseline 0 -13"><span class='ocrx_word' id='word_1_137' title='bbox 841 2405 870 2447; x_wconf 83' lang='lat' dir='ltr'>C</span> <span class='ocrx_word' id='word_1_138' title='bbox 885 2406 978 2460; x_wconf 59' lang='lat' dir='ltr'>hry</span> <span class='ocrx_word' id='word_1_139' title='bbox 993 2421 1010 2447; x_wconf 87' lang='lat' dir='ltr'>s</span> <span class='ocrx_word' id='word_1_140' title='bbox 1024 2405 1110 2448; x_wconf 89' lang='lat' dir='ltr'>alu</span> <span class='ocrx_word' id='word_1_141' title='bbox 1125 2420 1143 2447; x_wconf 92' lang='lat' dir='ltr'>s</span> 
     </span>
     <span class='ocr_line' id='line_1_31' title="bbox 1061 2478 1735 2523; baseline 0.006 -4"><span class='ocrx_word' id='word_1_142' title='bbox 1061 2478 1223 2519; x_wconf 77' lang='lat' dir='ltr'>Tristes</span> <span class='ocrx_word' id='word_1_143' title='bbox 1254 2478 1368 2520; x_wconf 82' lang='lat' dir='ltr'>ilico.</span> <span class='ocrx_word' id='word_1_144' title='bbox 1668 2489 1735 2523; x_wconf 86' lang='lat'>300</span> 
     </span>
     <span class='ocr_line' id='line_1_32' title="bbox 244 2549 1512 2604; baseline 0 -13"><span class='ocrx_word' id='word_1_145' title='bbox 244 2550 381 2601; x_wconf 87' lang='lat' dir='ltr'>Quom</span> <span class='ocrx_word' id='word_1_146' title='bbox 415 2549 630 2604; x_wconf 76' lang='lat' dir='ltr'>extemplo</span> <span class='ocrx_word' id='word_1_147' title='bbox 663 2564 687 2591; x_wconf 85' lang='lat' dir='ltr'>a</span> <span class='ocrx_word' id='word_1_148' title='bbox 718 2557 847 2604; x_wconf 86' lang='lat' dir='ltr'>portu</span> <span class='ocrx_word' id='word_1_149' title='bbox 879 2551 940 2591; x_wconf 80' lang='lat' dir='ltr'>ire</span> <span class='ocrx_word' id='word_1_150' title='bbox 972 2564 1050 2592; x_wconf 88' lang='lat' dir='ltr'>nos</span> <span class='ocrx_word' id='word_1_151' title='bbox 1085 2564 1181 2591; x_wconf 88' lang='lat' dir='ltr'>cum</span> <span class='ocrx_word' id='word_1_152' title='bbox 1212 2564 1318 2592; x_wconf 88' lang='lat' dir='ltr'>auro</span> <span class='ocrx_word' id='word_1_153' title='bbox 1350 2550 1512 2601; x_wconf 80' lang='lat' dir='ltr'>uident,</span> 
     </span>
    </p>
   </div>
   <div class='ocr_carea' id='block_1_6' title="bbox 243 2717 1735 2811">
    <p class='ocr_par' dir='ltr' id='par_1_6' title="bbox 243 2717 1735 2811">
     <span class='ocr_line' id='line_1_33' title="bbox 335 2717 1735 2764; baseline -0.001 -11"><span class='ocrx_word' id='word_1_154' title='bbox 335 2721 401 2753; x_wconf 66' lang='lat'>234</span> <span class='ocrx_word' id='word_1_155' title='bbox 425 2719 505 2754; x_wconf 90' lang='lat' dir='ltr'>Hoc</span> <span class='ocrx_word' id='word_1_156' title='bbox 532 2720 634 2764; x_wconf 82' lang='lat' dir='ltr'>coepi</span> <span class='ocrx_word' id='word_1_157' title='bbox 662 2719 689 2754; x_wconf 81' lang='lat' dir='ltr'><em>C</em></span> <span class='ocrx_word' id='word_1_158' title='bbox 757 2720 824 2753; x_wconf 67' lang='lat'>289</span> <span class='ocrx_word' id='word_1_159' title='bbox 850 2719 942 2762; x_wconf 84' lang='lat' dir='ltr'>Qum</span> <span class='ocrx_word' id='word_1_160' title='bbox 966 2718 1002 2752; x_wconf 90' lang='lat' dir='ltr'><em>B</em></span> <span class='ocrx_word' id='word_1_161' title='bbox 1080 2720 1147 2753; x_wconf 76' lang='lat'>294</span> <span class='ocrx_word' id='word_1_162' title='bbox 1172 2718 1309 2753; x_wconf 82' lang='lat' dir='ltr'>dabant</span> <span class='ocrx_word' id='word_1_163' title='bbox 1335 2728 1400 2753; x_wconf 86' lang='lat' dir='ltr'>om.</span> <span class='ocrx_word' id='word_1_164' title='bbox 1428 2718 1459 2754; x_wconf 81' lang='lat' dir='ltr'><em>C</em></span> <span class='ocrx_word' id='word_1_165' title='bbox 1526 2719 1591 2752; x_wconf 74' lang='lat'>296</span> <span class='ocrx_word' id='word_1_166' title='bbox 1617 2717 1735 2761; x_wconf 88' lang='lat' dir='ltr'>Quom</span> 
     </span>
     <span class='ocr_line' id='line_1_34' title="bbox 243 2775 779 2811; baseline 0.004 -3"><span class='ocrx_word' id='word_1_167' title='bbox 243 2775 401 2810; x_wconf 72' lang='lat' dir='ltr'>uidimus</span> <span class='ocrx_word' id='word_1_168' title='bbox 495 2778 562 2811; x_wconf 83' lang='lat'>300</span> <span class='ocrx_word' id='word_1_169' title='bbox 587 2775 648 2810; x_wconf 83' lang='lat' dir='ltr'>Sic</span> <span class='ocrx_word' id='word_1_170' title='bbox 673 2776 722 2810; x_wconf 83' lang='lat' dir='ltr'>ite</span> <span class='ocrx_word' id='word_1_171' title='bbox 751 2775 779 2810; x_wconf 90' lang='lat' dir='ltr'><strong><em>C</em></strong></span> 
     </span>
    </p>
   </div>
  </div>
 </body>
</html>
