1897 3171
769 211 809 246 V.
838 213 1027 246 426—440.
1564 215 1644 253 323

268 343 361 381 436.
402 342 498 380 Post
528 339 772 380 sententiam
812 341 900 379 edd.
931 354 1057 390 usque
1095 341 1144 377 ad
1177 340 1343 378 Franck.
1376 341 1647 389 interrogandi

153 413 307 462 signum
346 416 520 461 ponunt,
567 425 638 449 nec
679 412 800 448 ceteri
840 409 988 456 solum,
1036 408 1105 445 sed
1146 409 1262 445 etiam
1294 409 1406 446 Both.
1439 413 1479 446 et
1508 409 1644 456 Weis.‚

155 480 222 530 qui
251 483 358 516 recte
389 480 670 517 intellexerunt
701 479 881 528 proxima
912 477 1043 523 verba,
1085 490 1170 526 quae
1203 476 1315 514 codd.
1346 477 1525 514 Euclioni
1557 491 1647 514 con-

152 549 329 594 tinuant,
376 560 501 597 coquo
539 547 750 585 tribuenda
796 559 892 583 esse.
966 544 1106 582 Euclio
1151 545 1249 581 nihil
1293 546 1528 594 interrogat,
1576 558 1647 582 nec

153 629 382 666 responsum
414 619 615 666 expectat,
663 615 732 652 sed
772 616 968 651 sententia
1007 626 1078 650 sua
1109 613 1216 650 dicta
1248 613 1404 651 domum
1436 614 1556 660 redit,
1603 616 1648 650 ut

154 685 274 723 ollam
314 687 462 730 servet,
497 697 644 734 coquus
677 697 764 720 eum
795 695 957 720 manere
989 681 1108 727 iubet,
1141 685 1185 718 ut
1208 694 1302 718 vasa
1326 681 1399 718 sibi
1423 682 1648 719 reddat.—

155 754 248 791 437.
281 752 444 790 Versum
460 751 576 789 affert
593 751 742 789 Nonius
759 765 797 801 p.
822 752 899 788 152
919 750 1100 788 omnibus
1123 749 1263 786 iisdem
1287 750 1429 796 verbis,
1448 753 1525 787 nisi
1544 750 1648 798 quod

153 824 259 858 recte
292 821 481 858 scribitur
510 818 640 858 reddi.
700 819 758 857 Ne
790 820 921 870 altera.
944 831 1081 856 versus
1107 831 1198 866 pars
1223 831 1245 854 a
1270 818 1411 855 cretico
1442 820 1647 868 inciperet,

153 888 269 927 Both.
313 890 412 936 „nisi
451 886 523 935 si“,
570 888 710 937 Wagn.
752 889 853 935 „iam
893 884 995 924 iam“
1040 887 1296 935 scripserunt.
1328 906 1383 911 —
1422 886 1649 923 Proximum

154 970 308 994 versum
339 956 452 994 affert
483 957 632 994 Nonius
663 970 701 1006 p.
738 957 814 993 152
848 960 886 992 et
918 957 1018 993 284:
1080 955 1203 1001 „Mihi
1234 968 1327 991 vasa
1356 954 1480 1000 iubes,
1511 955 1649 1003 pipulo

154 1029 193 1062 te
224 1024 401 1061 difleram
433 1029 522 1062 ante
554 1023 701 1062 aedis“.
761 1023 891 1060 Etiam
924 1023 1050 1060 Varro
1082 1023 1125 1060 L.
1159 1022 1202 1059 L.
1235 1022 1320 1069 VII,
1358 1024 1448 1069 103,
1488 1023 1648 1072 „pipulo

154 1096 193 1129 te
234 1092 412 1130 differam
453 1097 543 1130 ante
582 1092 730 1130 aedis“.
792 1091 868 1129 Sed
907 1092 943 1129 tc
983 1092 1022 1128 in
1060 1096 1139 1127 tam
1180 1091 1290 1127 brevi
1328 1091 1479 1127 ambitu
1523 1091 1649 1139 repeti

154 1173 233 1198 non
265 1162 417 1210 potuit3
449 1158 513 1199 hic
542 1174 635 1198 vero
662 1161 908 1210 aptissimum
935 1164 1004 1197 est.
1050 1159 1295 1209 Principium
1321 1172 1456 1196 versus
1480 1159 1646 1205 laborat,

154 1229 230 1266 nisi
269 1233 337 1266 aut
367 1229 617 1279 transpositis
648 1229 777 1265 verbis
810 1228 959 1266 scribas
995 1227 1134 1274 „Iubes
1165 1227 1260 1264 mihi
1290 1226 1425 1273 uasa“,
1459 1231 1527 1264 aut
1557 1230 1649 1263 ante

159 1295 343 1346 ‚,pipulo“
380 1297 501 1334 addas
536 1295 674 1345 „ego“.
723 1297 894 1341 Franck.
931 1296 1012 1344 „Mi
1042 1309 1138 1333 uasa
1167 1295 1277 1332 iubes
1309 1308 1406 1341 mea,
1438 1293 1643 1345 pipulod.“

154 1365 359 1414 Equidem,
371 1366 404 1402 si
420 1366 579 1403 fortiter
596 1366 793 1413 corrigere
812 1350 918 1411 licet,
931 1368 1142 1412 utrumque
1160 1377 1315 1401 versum
1334 1364 1387 1400 sic
1404 1364 1647 1412 scripserim:

297 1433 360 1470 Ita
390 1447 451 1470 me
482 1433 663 1471 Laverna
693 1433 791 1470 bene
824 1437 937 1479 amet,
970 1433 1018 1470 ut
1046 1433 1124 1469 iam
1157 1433 1231 1469 nisi
1262 1432 1375 1468 reddi

298 1501 399 1538 Mihi
428 1514 523 1539 vasa
553 1501 676 1548 iubes,
709 1506 748 1539 te
778 1501 915 1551 pipulo
947 1500 1010 1537 hic
1041 1500 1221 1536 differam
1253 1503 1340 1536 ante
1374 1499 1496 1537 aedis,

154 1569 203 1607 w?
239 1570 342 1606 enim
379 1582 479 1619 aegre
518 1569 719 1617 desidero,
766 1569 878 1606 abest
916 1568 1014 1605 illud
1054 1568 1210 1617 quidem
1242 1567 1331 1605 Ter.
1364 1567 1463 1605 Eun.
1498 1568 1578 1604 474
1611 1570 1649 1604 et

158 1638 249 1684 615,
289 1637 357 1674 sed
388 1641 578 1687 sequente
608 1638 808 1687 praesenti.
827 1632 1131 1674 —Lavermc‘m
1162 1638 1328 1682 invocat,
1360 1636 1489 1672 furum
1522 1635 1647 1681 deam,

155 1708 290 1743 notam
322 1719 369 1742 ex
400 1706 536 1744 Horat.
570 1705 643 1755 Ep.
675 1705 713 1752 I,
752 1707 820 1752 16,
864 1707 933 1742 6οῑ
986 1704 1179 1751 „Pulchra
1211 1704 1408 1749 Laverna,
1455 1703 1515 1740 Da
1551 1702 1649 1739 mihi

154 1774 310 1820 fallere,
344 1774 392 1810 da
423 1775 527 1810 iusto
558 1777 772 1823 sanctoque
802 1773 942 1819 videri,
975 1772 1138 1809 Noctem
1169 1773 1339 1821 peccatis
1371 1775 1410 1808 et
1440 1770 1647 1808 fraudibus

155 1841 279 1879 obiice
317 1839 506 1889 nubem“;
554 1841 600 1879 cf.
642 1845 846 1879 comment.
896 1840 945 1877 ad
985 1840 1022 1877 h.
1062 1841 1086 1878 l.
1128 1843 1166 1876 et
1206 1853 1324 1888 supra
1369 1839 1419 1876 ad
1461 1840 1554 1876 314.
1594 1858 1649 1863 ——

149 1907 344 1959 pipulum
375 1911 590 1947 convicium
623 1923 705 1946 esse
738 1909 853 1947 docet
868 1908 1015 1956 Varro;
1048 1908 1169 1955 addit,
1204 1908 1310 1957 quod
1340 1909 1468 1944 minus
1501 1910 1649 1944 certum

156 1981 234 2026 est,
256 1978 519 2015 ‘declinatum
561 1991 642 2015 esse
674 1992 696 2014 a
725 1978 864 2027 pipatu
895 1977 1106 2026 pullorum.
1169 1976 1224 2014 Cf.
1256 1976 1340 2013 Mil.
1377 1976 1477 2013 585:
1529 1975 1649 2021 „satis

154 2046 292 2096 pipulo
331 2047 454 2095 impio
493 2047 618 2083 merui
656 2044 789 2083 mali“.
875 2041 1043 2092 differre
1080 2044 1235 2082 Nonius
1282 2057 1320 2093 p.
1369 2044 1448 2081 284
1491 2046 1649 2080 enarrat

161 2113 401 2161 „diffamare‚
435 2110 663 2162 divulgare“
684 2113 829 2151 Lucilii
861 2118 900 2150 et
922 2113 1112 2150 Varronis
1143 2112 1288 2150 similes
1319 2112 1427 2149 locos
1460 2111 1646 2157 afferens3

156 2182 203 2219 cf.
235 2182 375 2220 Pseud.
411 2183 510 2219 359:
547 2181 654 2228 „Iam
686 2193 758 2229 ego
790 2186 829 2218 te
862 2181 1037 2218 differam
1070 2181 1186 2218 dictis
1217 2178 1356 2217 meis“.
1417 2180 1504 2217 Ter.
1523 2179 1646 2216 Andr.

156 2250 258 2287 408:
310 2248 560 2296 „Orationem
592 2253 726 2298 sperat
755 2250 951 2287 invenisse
983 2263 1042 2296 se,
1085 2249 1158 2295 Qui
1191 2248 1349 2285 differat
1378 2246 1459 2285 te“.
1521 2246 1646 2284 Caecil.

155 2330 191 2354 v,
228 2318 324 2354 157:
363 2317 548 2363 „differor
579 2330 757 2355 sermone
787 2315 969 2354 misere“.
1030 2316 1140 2366 Saepe
1171 2317 1423 2366 posteriores,
1455 2319 1500 2352 ut
1523 2314 1646 2351 Tacit.

155 2386 256 2422 Ann.
295 2387 328 2432 l,
362 2386 407 2423 4:
451 2386 725 2432 „imminentes
758 2385 938 2423 dominos
968 2386 1088 2422 variis
1118 2384 1341 2421 rumoribus
1373 2380 1646 2420 differebant“.

271 2454 364 2491 439.
396 2453 530 2490 Finito
562 2454 737 2490 convicio
764 2453 919 2502 reliqua
944 2454 1178 2502 septenariis
1201 2452 1412 2489 trochaicis
1435 2454 1647 2500 pertexun-

158 2525 235 2559 tur.
271 2540 320 2546 -
355 2522 450 2559 440.
496 2531 682 2568 nummo,
731 2521 903 2568 argenti,
950 2524 995 2558 ut
1034 2525 1094 2558 est
1124 2520 1264 2558 Pseud.
1300 2520 1364 2555 97.
1438 2518 1647 2554 Nummum

158 2589 345 2626 drachma
381 2590 568 2626 maiorem
609 2602 691 2626 esse
731 2592 899 2639 apparet
930 2601 979 2625 ex
1008 2588 1149 2626 Pseud.
1184 2588 1282 2624 813:
1334 2585 1420 2632 „Illi
1451 2585 1647 2622 drachmis

157 2660 246 2694 sunt
285 2657 438 2704 miseri,
486 2670 546 2694 me
592 2670 704 2694 nemo
750 2660 883 2707 potest
921 2657 1090 2694 Minoris
1130 2656 1334 2705 quisquam
1379 2666 1556 2699 nummo,
1603 2656 1647 2689 ut

157 2737 332 2774 surgam,
379 2723 599 2774 subigere&
689 2724 846 2762 Etenim
891 2724 959 2762 ubi
1005 2736 1184 2761 nummus
1207 2720 1458 2770 'simpliciter
1503 2719 1648 2756 dicitur

158 2804 298 2840 genere
336 2805 416 2830 non
454 2792 610 2839 addito,
659 2806 750 2830 suus
793 2793 932 2841 cuique
969 2791 1119 2841 populo
1159 2789 1343 2827 usitatior
1388 2801 1435 2825 ex
1480 2790 1645 2835 argento

1308 2862 1374 2895 21*
