1897 3171
770 185 812 220 v.
837 186 1026 221 430—458.
1558 193 1641 232 407

144 318 197 352 ut
236 327 315 352 non
358 310 487 361 „Fit“,
534 314 601 351 sed
634 310 701 352 Sit
739 315 989 352 scribendum
1028 316 1091 353 sit.
1168 312 1381 365 Erpretus
1420 319 1517 355 nihil
1557 332 1640 357 esse

150 381 321 429 videtur,
357 395 594 432 quamquam
626 396 808 420 enarrare
840 387 1033 419 conantur
1064 383 1270 421 Turnebus
1304 389 1341 421 et
1368 386 1512 434 Dousa,
1546 401 1639 436 quo-

145 463 239 488 :cum
268 450 342 497 hic,
373 449 650 500 Explanat.II‚
686 452 756 488 22:
794 450 1093 497 „Coniecturam
1126 456 1184 488 est
1217 452 1358 499 facere,
1394 457 1510 491 moris
1542 456 1640 492 anti-

149 519 284 568 quitus
313 518 433 555 fuisse
462 522 579 556 uncto
610 519 730 556 linteo
763 519 998 568 emungendi
1030 519 1091 556 vel
1132 518 1252 568 (quod
1284 520 1435 559 facilius
1467 522 1639 567 videtur)

150 585 407 635 extinguendi
436 586 615 624 lucernas
647 600 761 624 causa
792 588 872 633 uti,
914 588 1023 624 cuius
1060 588 1183 624 vicem
1216 587 1355 626 ferreis
1389 592 1639 628 emunctoriis

147 655 210 692 uti
239 668 310 692 nos
341 652 551 693 solemus“.
599 655 682 704 Ego
715 669 783 692 cur
813 655 985 704 antiquis
1017 656 1145 692 minus
1176 658 1342 694 rationis
1373 657 1492 694 fuisse
1519 659 1639 695 eonii-

147 726 263 767 eiam‚
295 736 374 761 non
403 722 532 769 video,
564 725 786 772 praesertim
818 724 857 759 in
887 723 1009 760 verbo
1042 728 1178 773 aperte
1210 728 1409 775 corrupto.
1472 725 1544 763 Ed.
1577 740 1636 776 pr.

154 788 402 841 „expletus“.
462 790 546 828 Hoc
572 790 733 828 Rostius
759 791 899 840 Opusc.
923 805 961 840 p.
992 793 1068 829 116
1103 793 1198 829 miro
1230 793 1346 830 modo
1379 794 1636 841 commendat,

148 861 262 910 quasi
307 859 522 909 paedagogo
581 860 744 909 „cepitis
789 858 880 896 fissa
925 859 1105 896 medendi
1151 873 1271 897 causa
1316 861 1466 910 repleta
1511 866 1639 899 essent

146 928 332 966 funiculis
362 927 557 965 similibus
595 929 660 975 iis,
709 929 776 977 qui
814 928 1063 964 lucernarum
1100 927 1243 965 fistulis
1274 930 1438 966 immitti
1470 928 1637 966 solent“.

146 997 270 1035 Immo
308 996 477 1034 unctum
514 992 687 1033 lanteum
726 996 895 1033 lucernae
934 1009 1011 1033 non
1053 999 1111 1032 est
1151 997 1263 1043 μύξα,
1312 997 1380 1034 sed
1411 997 1515 1047 quod
1546 998 1641 1035 vitri

147 1066 234 1103 loco
264 1065 464 1102 lucernam
495 1064 627 1112 ambit,
661 1065 708 1103 cf.
742 1063 819 1101 Cic.
845 1061 965 1102 Attio.
990 1064 1055 1111 IV,
1091 1065 1125 1111 3,
1161 1066 1202 1101 5:
1251 1065 1378 1111 „linea
1417 1064 1637 1103 lanterna“.

148 1133 264 1181 Quod
300 1133 332 1169 si
369 1136 548 1182 putarem
578 1132 774 1170 Romanos
813 1133 1012 1170 lucernam
1052 1132 1175 1169 linteo
1208 1133 1402 1183 expletam
1435 1146 1507 1183 pro
1542 1134 1639 1177 ..cir-

147 1198 396 1238 cumdatam“
438 1203 506 1237 aut
547 1199 763 1246 ‚70inctam'‘
813 1200 980 1247 dixisse,
1028 1203 1068 1237 et
1111 1201 1196 1250 ipse
1242 1201 1300 1238 ed.
1343 1215 1402 1251 pr.
1443 1215 1638 1251 sequerer.

147 1269 233 1307 Hoc
264 1270 365 1306 enim
396 1271 512 1318 pater
545 1268 674 1306 dicere
704 1269 881 1315 videtur,
920 1268 1134 1318 paedagogo
1166 1282 1244 1306 non
1275 1271 1398 1319 magis
1429 1270 1638 1307 verberare

146 1338 264 1375 licere
291 1350 408 1387 quam
430 1337 599 1374 lucernae
623 1350 758 1383 urere3
790 1341 834 1374 ut
857 1338 1025 1374 lucernae
1049 1338 1151 1386 ignis
1173 1337 1294 1375 linteo
1322 1339 1409 1376 velo
1434 1339 1639 1386 mitigetur

146 1419 271 1455 eoque
301 1409 410 1442 tutus
441 1403 528 1451 fiat,
570 1406 627 1442 ita
665 1406 895 1453 magistrum
927 1419 948 1443 a
978 1405 1206 1443 verberibus
1245 1406 1442 1443 abstinere
1485 1405 1637 1453 debere,

146 1475 179 1512 si
209 1476 318 1511 tutus
349 1487 433 1510 esse
470 1473 578 1510 velit.
616 1494 665 1498 —
707 1474 867 1511 Hiatum
906 1475 946 1510 in
985 1473 1138 1511 diaeresi
1179 1478 1215 1511 et
1255 1476 1294 1511 in
1334 1473 1406 1511 h'oc
1445 1488 1561 1511 versu
1601 1478 1638 1511 et

146 1543 187 1579 in
232 1542 411 1591 proximo
457 1541 672 1591 legitimum
718 1542 922 1589 hebemus,
980 1542 1135 1580 Mffller.
1176 1556 1211 1580 v.
1253 1544 1333 1579 444
1379 1555 1452 1592 pro
1498 1539 1640 1580 hocine

146 1610 274 1648 voluit
311 1607 538 1656 ,‚istocine“.
570 1629 626 1634 —-
664 1610 756 1647 445.
798 1607 980 1648 inhibere
1008 1608 1227 1659 imperium
1258 1614 1318 1647 est
1349 1623 1550 1656 exercere,
1591 1611 1638 1648 cf.

147 1677 268 1715 Stich.
303 1678 395 1715 696.
457 1677 542 1715 Liv.
574 1677 643 1724 III,
680 1679 742 1725 38,
780 1679 813 1724 1,
848 1679 895 1716 al.
929 1699 984 1704 —
1005 1679 1146 1727 potest
1275 1677 1313 1716 si
1344 1675 1525 1727 uapzdet,
1558 1678 1636 1716 vid.

146 1746 198 1783 ad
228 1745 370 1795 Amph.
406 1747 498 1784 696.
531 1766 586 1771 —
617 1747 710 1784 446.
737 1743 978 1794 postulatio,
1011 1748 1035 1784 i.
1062 1761 1094 1784 e.
1128 1747 1403 1797 expostulatio,
1437 1746 1483 1784 cf.
1510 1746 1637 1784 Casin.

148 1815 242 1852 533.
288 1814 376 1851 Ter.
409 1814 504 1852 Heo.
541 1816 632 1852 180.
668 1834 716 1838 —
750 1815 843 1852 447.
878 1812 1006 1861 Mira,
1039 1815 1117 1853 vid.
1153 1815 1201 1852 ad
1231 1815 1373 1864 Amph.
1408 1816 1501 1852 279.

261 1883 355 1920 448.
402 1882 640 1919 Philoxenus
678 1883 786 1932 prior
818 1883 1103 1921 Mnesilochum
1136 1885 1345 1932 conspicit3
1390 1887 1473 1920 tum
1506 1883 1638 1931 Lydus

146 1950 312 1998 gaudet,
361 1950 465 2000 quod
502 1950 665 1987 redierit
705 1950 850 1988 sodalis
890 1952 1038 1989 alumni
1078 1954 1156 1998 sui,
1205 1966 1318 2001 quem
1357 1951 1522 2000 probum
1555 1964 1638 1988 esse

146 2018 380 2056 arbitratur.
456 2017 517 2055 Sic
556 2022 662 2056 recte
705 2019 815 2056 codd.
848 2019 968 2056 verba
1006 2021 1110 2057 inter
1150 2033 1339 2070 personas
1379 2020 1636 2065 distribuunt,

145 2100 234 2123 nam
267 2086 374 2135 quod
404 2087 445 2123 in
476 2086 506 2122 B
537 2100 573 2123 v,
606 2087 686 2124 449
719 2087 963 2125 Mnesilocho
995 2088 1196 2136 tribuitur,
1237 2090 1269 2125 is
1303 2102 1413 2125 error
1445 2088 1637 2124 neminem

145 2154 258 2192 fallit.
334 2153 410 2192 Sed
447 2154 556 2191 nulla
595 2168 712 2191 causa
750 2160 826 2202 est,
875 2170 943 2193 cur
981 2156 1112 2194 Herm.
1146 2156 1191 2195 R.
1226 2156 1285 2194 Fl.
1317 2160 1444 2193 totum
1484 2170 1519 2193 v,
1556 2156 1634 2192 448

144 2222 257 2270 Lydo
287 2222 488 2269 tribuant3
521 2236 590 2260 nec
620 2224 769 2261 maiore
794 2226 879 2261 iure
903 2224 948 2262 R.
966 2229 1137 2274 transp.:
1177 2225 1267 2272 „Set
1298 2226 1384 2274 quis
1417 2228 1485 2270 est,
1521 2237 1636 2273 quem

145 2293 337 2328 astantem
368 2291 431 2328 hic
461 2288 617 2339 uideo“‚
651 2291 697 2329 cf.
731 2291 846 2341 Seyff.
879 2292 988 2330 Stud.
1021 2306 1058 2342 p.
1095 2295 1159 2331 26.
1220 2293 1264 2330 In
1298 2295 1376 2330 449
1410 2289 1524 2329 hand
1552 2294 1636 2328 iure

142 2358 298 2395 addidit
327 2358 587 2397 Hermannus.
627 2379 683 2384 —
720 2361 813 2397 450.
860 2360 1047 2398 Extrema
1076 2375 1212 2398 versus
1243 2375 1334 2411 pars
1366 2361 1530 2397 interiit.
1591 2359 1636 2395 In

145 2425 259 2464 codd.
293 2427 373 2463 eius
403 2428 488 2464 loco
518 2428 664 2475 legitur
692 2427 960 2475 ..Pistocle1·i“,
995 2429 1099 2478 quod
1131 2430 1192 2466 vel
1224 2430 1375 2466 numeri
1401 2430 1634 2474 coarguunt;

143 2493 190 2532 R.
222 2494 445 2532 substituit:
489 2495 575 2542 „hic
606 2495 847 2544 quidemst“;
895 2499 1049 2535 malim:
1096 2499 1187 2547 „qui
1218 2494 1333 2534 fuit“‘.
1376 2515 1430 2520 -—
1471 2496 1564 2532 455.
1605 2492 1637 2531 it

144 2561 204 2600 ed.
237 2576 320 2612 pr.;
366 2560 434 2610 „in
464 2573 577 2600 mare
609 2562 659 2610 it,
706 2565 730 2601 i.
765 2577 797 2602 e.
829 2564 1012 2615 navigat“
1049 2565 1093 2603 L.
1140 2585 1195 2590 ——-
1240 2566 1333 2602 456.
1381 2561 1486 2600 mori
1526 2563 1632 2600 Pius.

144 2627 336 2668 obediens
379 2629 486 2668 mori
521 2628 661 2680 patris
707 2635 764 2668 est
801 2635 908 2682 patri
946 2647 1093 2670 morem
1133 2646 1283 2681 gerens.
1359 2632 1448 2669 Ter.
1489 2631 1632 2667 Heaut.

145 2698 246 2735 203:
296 2698 497 2746 „Huncine
530 2702 614 2736 erat
652 2713 816 2749 aequom
856 2715 902 2738 ex
940 2702 1046 2738 illius
1077 2714 1185 2737 more
1217 2714 1265 2737 an
1296 2700 1405 2737 illum
1441 2712 1488 2735 ex
1518 2699 1634 2736 huius

142 2763 324 2803 vivere?“
366 2787 421 2792 —
459 2768 552 2805 458.
599 2768 647 2806 ut
686 2769 836 2806 emend.
878 2770 1134 2807 Hermannus.
1182 2788 1229 2793 —-
1272 2770 1366 2807 459.
1414 2767 1554 2804 Hiatus
1593 2766 1636 2803 in
