1897 3171
251 186 334 225 418
888 182 1100 217 Bacchides.

251 310 411 348 similes.
443 330 499 335 —
532 319 638 359 prae
666 320 809 357 manu,
851 312 893 348 in
922 311 1121 358 manibus,
1164 312 1210 350 cf.
1243 312 1332 349 Ter.
1364 312 1438 350 Ad.
1473 314 1575 351 980:
1626 312 1742 360 „huic

253 378 403 428 aliquid
433 378 596 428 paulum
626 391 708 428 prae
744 392 862 416 manu
901 378 1076 427 dederis,
1118 380 1221 417 unde
1258 377 1434 417 utatur“.
1493 380 1611 429 Apul.
1643 379 1738 418 Met.

252 446 318 493 VI,
347 447 417 484 18:
450 459 500 483 aes
523 446 556 483 si
586 446 690 483 forte
718 460 800 496 prae
830 460 948 483 manu
977 460 1055 484 non
1085 445 1245 486 fuerit“.
1291 448 1442 498 Digest.
1467 447 1575 495 XIII,
1602 450 1638 494 7,
1667 449 1739 485 27:

258 513 437 561 „Petenti
467 516 643 551 mutuam
672 516 879 564 pecuniam
912 514 1117 562 creditori,
1165 529 1285 564 quum
1315 528 1397 566 prae
1427 529 1546 553 manu
1586 515 1745 553 debitor

252 595 330 619 non
346 581 520 628 haberet,
545 583 692 631 species
711 583 795 619 auri
812 580 963 620 dedit“.
1011 581 1108 621 Gell.
1126 583 1234 630 XIX,
1263 586 1298 627 8,
1327 586 1371 621 6:
1408 585 1465 631 „si
1482 583 1555 621 Gai
1578 583 1743 621 Caesaris

255 649 359 687 liber
387 662 470 699 prae
500 649 682 687 manibus
715 654 787 696 est,
820 653 947 699 promi
978 649 1154 689 iubeas“.

369 719 446 754 623
501 717 666 754 dimeter
709 717 940 755 bacchiacus
986 731 1071 756 cum
1116 732 1254 768 paeone
1298 721 1439 769 primo,
1517 718 1747 768 Sequuntur

254 785 506 823 choriambici
538 788 576 822 et
609 786 834 835 anapaestici
864 787 1030 832 numeri,
1066 786 1258 824 624—25

258 988 350 1025 624.
382 987 573 1026 Fleckeis.
613 988 784 1027 Exercit.
825 990 952 1027 Plaut.
994 1004 1032 1040 p.
1076 993 1123 1028 19
1166 994 1204 1028 et
1233 990 1383 1028 Ritsch.
1423 994 1467 1027 ut
1503 990 1746 1028 trochaicum

254 1069 412 1093 versum
442 1057 624 1103 facerent,
658 1060 697 1094 et
727 1057 806 1095 alia
836 1061 1056 1105 mutarunt,
1098 1063 1154 1096 et:
1207 1058 1271 1104 „di
1301 1058 1465 1096 meliora
1495 1056 1660 1096 faxint“.
1692 1078 1748 1083 —

261 1120 370 1173 Quid
397 1120 474 1172 fit?
519 1124 718 1162 interdum
750 1126 832 1162 eius
865 1130 934 1173 est,
968 1128 1035 1176 qui
1068 1127 1220 1176 quaerit,
1262 1126 1357 1176 quid
1388 1127 1482 1172 eius,
1524 1126 1630 1175 quod
1661 1124 1749 1162 fieri

256 1191 407 1239 debeat,
434 1191 612 1229 effectum
637 1194 698 1239 sit,
726 1197 770 1230 ut
795 1193 897 1231 infra
922 1196 1014 1232 771.
1036 1195 1129 1233 874.
1178 1194 1272 1232 Cist.
1294 1196 1393 1241 6023
1424 1193 1624 1231 interdum
1649 1193 1750 1231 nihil

258 1259 366 1297 aliud
404 1260 599 1308 significat
636 1274 772 1310 quam:
821 1262 916 1311 quid
957 1260 1068 1310 agis‘.>
1115 1262 1161 1300 cf.
1193 1262 1314 1300 Mero.
1350 1264 1442 1300 280.
1500 1261 1618 1311 Epid.
1653 1263 1747 1299 392.

255 1347 311 1352 --
344 1328 436 1366 625.
468 1325 569 1366 Non
603 1325 742 1366 taces?
771 1334 881 1367 vetat
911 1343 999 1367 eum
1030 1334 1110 1367 tam
1140 1330 1322 1367 tristibus
1353 1330 1483 1367 verbis
1513 1331 1585 1376 uti,
1619 1329 1665 1368 cf.
1698 1329 1749 1367 ad

255 1395 395 1445 Amph.
430 1397 522 1434 693.
564 1416 612 1421 —
658 1398 735 1434 626
777 1398 996 1435 trochaicus
1040 1399 1288 1445 octonarius,
1336 1398 1383 1435 cf.
1424 1397 1600 1435 Studem.
1634 1397 1747 1435 Cant.

254 1477 294 1513 p.
332 1464 392 1501 14.
454 1464 624 1501 Ritsch.:
664 1466 793 1511 „acria
825 1469 943 1514 atque
975 1465 1113 1503 acerba
1143 1463 1286 1503 nunc“.
1320 1485 1375 1491 --
1407 1466 1485 1502 627
1526 1465 1750 1503 trochaicus

257 1534 517 1580 septenarius.
550 1552 606 1557 —
638 1534 842 1571 628—30.
876 1533 1080 1571 Trochaici
1112 1535 1263 1571 numeri
1296 1534 1518 1571 continuari
1548 1533 1748 1580 videntur,

258 1612 312 1646 ac,
346 1600 377 1636 si
403 1603 492 1636 ante
517 1597 684 1638 habeam
715 1601 866 1638 hiatum
899 1614 981 1638 esse
1005 1605 1168 1649 statuas,
1202 1614 1324 1651 eaque
1348 1601 1469 1638 verba
1495 1601 1629 1648 addas,
1664 1614 1751 1652 quae

258 1667 345 1704 aliis
370 1667 416 1704 de
441 1669 566 1705 causis
593 1670 812 1706 necessaria
837 1669 1030 1716 videntur,
1057 1671 1325 1719 septenarium
1348 1672 1387 1706 et
1403 1670 1647 1707 octonarium
1664 1682 1751 1706 cum

257 1736 485 1784 septenario
523 1736 578 1773 sic
617 1738 857 1774 constituere
888 1739 1037 1786 possis:

257 1802 320 1840 ΡΙ.
362 1803 453 1849 Eia,
492 1803 637 1842 bonum
669 1804 768 1842 habe
800 1806 982 1843 animum.
1044 1805 1136 1843 MN.
1182 1805 1296 1844 Unde
1328 1804 1520 1842 habeam?
1567 1805 1752 1843 Mortuus

1207 1873 1333 1922 pluris
1364 1875 1512 1923 pretist

261 1937 383 1984 Quam
415 1950 485 1987 ego
517 1952 614 1976 sum.
661 1939 722 1977 ΡΙ.
757 1940 898 1978 Militis
929 1941 1138 1990 parasitus,
1170 1941 1285 1978 modo
1318 1938 1389 1990 qui
1417 1943 1584 1978 uenerat
1614 1943 1750 1991 petere

1210 2023 1347 2046 aurum
1377 2009 1478 2056 hinc,

259 2074 360 2111 Eum
391 2087 461 2124 ego
492 2076 588 2112 meis
622 2075 737 2113 dictis
768 2077 880 2114 malis
911 2077 972 2114 his
1003 2077 1153 2115 foribus
1185 2080 1304 2127 atque
1336 2077 1408 2115 hac
1442 2074 1587 2115 semita

259 2142 442 2192 Reppuli.

253 2207 394 2258 pluris
407 2207 537 2258 pretii
561 2211 679 2247 etiam
697 2211 820 2249 Varro
837 2212 882 2250 R.
901 2213 946 2250 R.
965 2213 995 2260 I,
1024 2215 1059 2258 7,
1087 2214 1130 2250 4:
1169 2217 1237 2261 „ut
1259 2213 1348 2263 plus
1372 2213 1542 2250 reddant
1567 2214 1688 2250 musti
1712 2216 1752 2249 et

261 2278 337 2315 olei
368 2281 407 2315 et
436 2278 561 2328 pluris
592 2277 750 2328 pretii‘st
779 2299 834 2304 —
862 2280 954 2318 629.
989 2278 1059 2331 qm*
1089 2280 1199 2318 addit
1230 2281 1457 2330 Kiessling.,
1489 2281 1591 2318 Mus.
1625 2280 1750 2318 Rhen.

259 2346 405 2393 XXIII,
431 2347 524 2383 423.
555 2366 611 2372 —-
641 2347 824 2395 uenerat,
855 2348 1284 2398 plusquamperfectum
1314 2362 1386 2398 pro
1411 2349 1600 2399 perfecto,
1631 2361 1667 2386 v.
1701 2347 1752 2385 ad

259 2414 403 2463 Amph.
438 2415 530 2452 379.
569 2434 625 2439 -
664 2415 756 2452 630.
804 2415 994 2453 Ultimam
1034 2430 1167 2454 vocem
1210 2417 1403 2455 excidisse
1441 2417 1542 2454 vidit
1572 2416 1639 2463 R.,
1683 2416 1752 2466 qui

265 2480 477 2529 „muliere“
499 2482 717 2532 supplevit3
749 2482 844 2519 mihi
864 2483 1050 2529 „semita“
1072 2486 1202 2534 aptius
1218 2485 1388 2532 videtur,
1407 2498 1442 2523 v.
1462 2485 1511 2522 ad
1529 2484 1639 2522 Curc.
1655 2485 1750 2522 287.

264 2552 340 2588 631
374 2568 1182 2581 —————————————

265 2619 343 2655 632
375 2636 419 2642 —
445 2636 474 2645 v
501 2636 1540 2649 -----------------

265 2687 342 2723 633
375 2704 1299 2716 ---------------

265 2754 344 2790 634
376 2773 420 2779 -
445 2772 1154 2786 vvvvvvvvvvvv
1179 2774 1222 2782 —
