1897 3171
258 200 338 239 322
901 194 1101 230 Aulularia.

258 327 352 365 426.
403 323 536 375 ‚‚Eg0“
579 326 710 375 inquit
750 325 871 372 „meis
902 327 1113 363 contentus
1145 337 1247 371 sum,
1294 338 1342 362 ne
1372 338 1433 362 me
1463 328 1532 362 tua
1563 325 1749 372 expetere

258 393 498 433 existimes“.
559 393 698 431 Euclio
729 393 952 443 respondet,
984 392 1114 430 verbis
1146 392 1245 429 nihil
1274 392 1425 442 profici,
1458 407 1498 430 se
1531 404 1747 441 coquorum

259 464 416 512 ingenia
454 475 582 500 nosse.
642 461 802 499 Erravit
831 461 1022 508 Weisius,
1070 460 1175 510 quod
1212 474 1398 510 personas
1435 462 1609 500 invertit.
1667 460 1750 498 Pro

257 529 331 570 Me
347 531 498 569 Camer.
521 528 720 578 „Mefim“,
738 530 851 570 Both.
874 526 1013 576 „mei“,
1043 529 1112 566 sed
1137 529 1333 566 obiectum
1357 530 1472 568 facile
1495 530 1747 577 intelligitur.

249 598 445 649 paenitet,
489 599 534 637 cf.
568 598 617 636 ad
654 598 793 636 Bacch.
840 599 960 635 1182.
1022 597 1208 645 expetam
1248 598 1339 635 olim
1379 598 1638 636 emendatum.
1698 606 1751 634 ne

258 673 387 708 autem
419 671 479 705 est
514 664 719 714 „nedum“,
751 670 796 703 ut
826 665 911 702 Liv.
942 665 1013 712 III,
1048 667 1110 712 52,
1145 665 1186 703 9:
1225 666 1398 712 „Novam
1427 668 1750 716 inexpertamque

259 751 342 776 eam
382 739 620 787 potestatem
661 736 840 784 eripuere
877 734 1060 782 patribus
1098 735 1262 781 nostris,
1309 749 1357 772 ne
1395 749 1498 773 nunc
1545 733 1753 772 dulcedine

258 806 375 845 semel
408 805 512 855 capti
543 803 674 840 ferant
705 800 983 840 desiderium&
1019 802 1065 840 cf.
1084 802 1256 840 Gronov.
1276 803 1326 839 ad
1348 803 1386 841 h.
1404 804 1429 841 1.
1453 823 1510 828 —-
1541 802 1749 840 427—32.

258 875 339 912 Hos
370 886 506 910 versus
538 871 755 921 Wagnerus
793 884 866 921 pro
905 871 1053 920 spuriis
1092 871 1208 908 eiecit
1248 870 1558 921 dittographiam
1590 883 1754 908 censens

257 955 442 982 versuum
459 941 675 986 423—263
707 939 776 976 sed
792 939 889 976 nihil
905 938 1102 989 prohibet,
1122 952 1198 988 quo
1224 939 1351 977 minus
1375 940 1529 990 longius
1553 940 1592 976 in
1617 938 1752 975 eadem

260 1010 512 1048 altercatione
553 1010 775 1054 morentur,
816 1010 875 1055 et,
914 1007 1020 1056 quod
1051 1008 1263 1044 maximum
1295 1010 1364 1054 est,
1398 1007 1653 1045 artificiosum
1678 1006 1752 1043 hoc

258 1091 443 1117 versuum
467 1089 588 1127 genus
604 1076 668 1113 hic
685 1088 840 1124 quoque
858 1078 1038 1112 accurate
1063 1078 1254 1122 servatur,
1296 1075 1401 1125 quod
1426 1075 1752 1125 interpolatorem

258 1148 455 1185 facturum
486 1144 606 1182 fuisse
637 1157 717 1181 non
748 1146 806 1180 est
837 1142 1034 1180 credibile.
1084 1142 1195 1181 Gotz.
1221 1144 1262 1180 in
1285 1143 1371 1182 Act.
1398 1144 1504 1193 Lips.
1523 1143 1587 1189 VI,
1611 1156 1650 1192 p.
1669 1143 1751 1180 246

259 1216 330 1253 hos
354 1227 490 1251 versus
516 1216 606 1250 ante
631 1213 710 1249 423
736 1212 861 1261 ponit.
908 1211 953 1248 In
978 1212 1106 1261 primo
1131 1225 1248 1248 versu
1273 1225 1425 1249 errores
1450 1211 1638 1250 tollendi:
1673 1219 1753 1260 qua

261 1284 354 1322 olim
378 1281 645 1326 emendatum3
691 1289 800 1317 ‘rzzmc
824 1293 911 1317 cum
935 1279 1134 1329 VVagnero
1159 1279 1387 1318 delevimus.
1428 1280 1541 1317 Both.
1568 1282 1608 1316 et
1631 1278 1753 1316 Weis.

266 1348 524 1401 „prohibes“;
549 1349 620 1386 sed
642 1347 879 1385 indicativus
902 1360 1040 1385 vereor
1063 1350 1108 1385 ut
1130 1347 1224 1384 ferri
1248 1349 1385 1396 possit,
1410 1348 1485 1385 nisi
1509 1347 1609 1384 forte
1632 1346 1754 1384 inter-

259 1419 466 1470 punxeris:
506 1416 633 1464 „Quid
665 1412 750 1453 est‘?
782 1415 867 1462 Qua
899 1412 998 1453 etc.“
1030 1436 1087 1441 —
1117 1415 1211 1452 428.
1245 1413 1415 1465 sequius
1444 1417 1469 1453 i.
1496 1429 1528 1453 e.
1560 1415 1684 1464 peius,
1716 1427 1753 1452 v.

261 1488 409 1526 Colum.
427 1486 497 1532 III,
517 1486 554 1533 4,
575 1486 618 1523 3:
655 1484 816 1531 „melius
834 1497 882 1520 an
899 1481 1097 1533 sequius“.
1131 1483 1262 1521 Senec.
1281 1483 1416 1521 Benef.
1434 1484 1499 1531 VI,
1518 1485 1583 1530 42,
1603 1484 1647 1520 2:
1682 1495 1755 1529 „ne

261 1556 437 1594 homines
461 1554 508 1590 de
535 1567 596 1590 me
623 1554 782 1602 sequius
799 1549 1054 1601 loquantur“.
1094 1551 1180 1590 Liv.
1199 1551 1249 1598 II,
1271 1553 1334 1597 37,
1358 1553 1399 1590 3:
1437 1552 1623 1599 „Invitus,
1651 1550 1756 1600 quod

261 1624 421 1673 sequius
452 1624 521 1668 sit,
565 1621 612 1658 de
643 1621 737 1657 meis
769 1620 919 1658 civibus
950 1618 1130 1670 loquor'‘.
1163 1640 1218 1644 —
1249 1619 1344 1658 430.
1384 1617 1583 1670 peruium
1612 1614 1758 1667 facitis

261 1692 353 1738 fuit,
402 1693 469 1740 qui
517 1689 745 1727 defenderet
790 1688 933 1726 collato
983 1688 1072 1725 Tac.
1112 1688 1213 1725 Hist.
1246 1687 1325 1734 III,
1368 1690 1414 1726 8:
1464 1702 1537 1735 „ne
1576 1687 1757 1737 peruium

261 1761 330 1798 illa
367 1759 613 1796 Germanicis
653 1756 892 1794 exercitibus
930 1756 1052 1803 foret,
1100 1754 1369 1806 obsepserat“.
1459 1757 1516 1794 Ac
1553 1768 1646 1793 sane
1683 1754 1758 1792 hoc

261 1828 418 1866 mallem
465 1840 583 1876 quam
628 1825 811 1862 Turnebo
859 1825 1037 1870 credere,
1092 1824 1168 1862 dici
1218 1825 1416 1874 „peruiam
1471 1827 1515 1861 ut
1559 1819 1756 1860 obuiam“.

262 1896 407 1933 Verum
449 1907 584 1932 sensus
625 1893 735 1930 aliud
773 1892 970 1943 postulat,
1019 1906 1063 1930 ac
1101 1893 1176 1929 nisi
1207 1892 1361 1941 longius
1393 1906 1415 1929 a
1442 1892 1552 1929 codd.
1587 1891 1758 1936 abesset,

263 1965 481 2012 reciperem
513 1961 619 2012 quod
652 1962 818 1998 coniecit
848 1961 1052 2007 Miillerus,
1084 1960 1142 1998 Pl.
1170 1959 1278 1997 Pros.
1306 1973 1344 2010 p.
1371 1961 1451 1997 462
1484 1973 1561 2008 sq.:
1599 1971 1758 2008 „perve-

264 2029 464 2079 stigatis‘ffi
550 2029 663 2076 Quod
708 2043 730 2066 a
775 2029 962 2078 singulari
1007 2041 1169 2065 numero
1223 2028 1273 2065 ad
1324 2028 1515 2078 pluralem
1553 2027 1759 2073 transitur,

264 2100 343 2137 vid.
379 2099 427 2135 ad
457 2097 599 2147 Amph.
634 2099 726 2135 959.
759 2117 814 2121 —
845 2097 940 2133 431.
987 2092 1057 2134 Ibi
1088 2096 1227 2146 scripsi
1256 2108 1328 2145 pro
1358 2092 1429 2143 Id,
1475 2108 1566 2133 nam
1599 2094 1760 2131 demon-

265 2167 476 2205 strativum
523 2165 571 2203 ad
612 2165 822 2202 relativum
868 2163 1241 2202 accommodandum
1286 2166 1364 2211 est,
1409 2163 1488 2201 vid.
1531 2163 1581 2200 ad
1615 2161 1758 2212 Amph.

270 2236 388 2274 1002.
449 2233 667 2271 Francken.
700 2233 855 2281 longius
886 2232 1097 2269 abscessit:
1149 2228 1304 2279 „Quid‘.>
1339 2231 1393 2268 ibi
1423 2231 1498 2268 tibi
1529 2235 1613 2268 erat
1642 2242 1760 2278 nego-

265 2300 418 2341 tium‘?“
451 2321 507 2327 ——
539 2302 633 2338 432.
666 2300 829 2337 Hiatum
869 2303 957 2337 ante
996 2297 1121 2338 habeo
1161 2299 1370 2337 defendere
1410 2312 1487 2336 non
1519 2298 1662 2344 audeo,
1710 2298 1757 2336 cf.

265 2371 448 2419 Prolegg.
479 2383 517 2419 p.
552 2370 629 2406 221
665 2382 743 2418 sq.;
784 2368 924 2416 Wagn.
963 2366 1084 2414 „hoc“
1127 2367 1316 2415 addebat3
1363 2380 1435 2416 ego
1479 2364 1570 2415 „tu“
1613 2367 1758 2403 malim.

265 2438 432 2476 Franck.
471 2437 659 2483 ..haberes
690 2433 833 2473 nunc“.
894 2432 1044 2484 fissile,
1084 2435 1239 2482 fissum,
1283 2436 1329 2472 cf.
1363 2434 1510 2473 Colum.
1542 2435 1610 2481 IX,
1646 2436 1679 2480 l,
1714 2435 1757 2471 3:

271 2507 417 2556 „stipes
455 2502 626 2542 fissilis“.
673 2504 776 2541 infra
822 2504 915 2540 446.
978 2504 1118 2552 Caput,
1166 2504 1212 2541 cf.
1254 2504 1348 2541 418.
1386 2523 1443 2529 -—
1488 2504 1582 2540 433.
1628 2498 1759 2548 Adeo,

266 2574 406 2623 NVagn.
452 2571 567 2620 „At“‚
615 2572 702 2610 coll.
744 2572 833 2608 Ter.
874 2571 1031 2608 Phorm.
1068 2572 1193 2609 1042:
1252 2572 1399 2619 „Immo
1438 2574 1484 2608 ut
1520 2583 1644 2606 meam
1682 2569 1760 2606 iam

267 2643 367 2679 scias
392 2638 664 2679 sententiam“.
720 2639 796 2677 Sed
826 2639 972 2687 legitur
1003 2640 1123 2675 etiam
1154 2638 1211 2676 Pl.
1237 2639 1338 2676 Rud.
1358 2640 1457 2676 728:
1497 2638 1631 2685 „Nunc
1662 2636 1761 2674 adeo

267 2723 394 2747 meam
426 2714 469 2746 ut
501 2710 602 2746 scias
633 2704 910 2753 sententiam“,
942 2706 1020 2743 vid.
1054 2706 1103 2743 ad
1133 2707 1274 2756 Amph.
1307 2708 1401 2744 464.
