1897 3171
126 976 381 1040 Bacchidum
409 1003 646 1051 principium
670 1015 743 1038 una
771 1015 856 1039 cum
883 1002 989 1038 exitu
1009 1002 1276 1038 antecedentis
1294 1002 1435 1040 fabulae
1452 1004 1617 1041 interiit.

128 1071 365 1108 Interierunt
395 1070 510 1106 simul
541 1069 755 1118 periochae,
804 1083 899 1119 quas
931 1074 1235 1119 anteposuerant
1272 1072 1532 1120 grammatici,
1580 1086 1615 1109 v.

129 1137 295 1188 Proleg.‘
313 1151 351 1187 p.
376 1139 450 1176 149
470 1151 540 1187 sq.‚
573 1151 642 1174 nec
675 1151 809 1174 eorum
842 1139 1002 1185 auxilio,
1037 1139 1130 1187 quid
1163 1139 1202 1175 in
1237 1138 1443 1188 deperdita
1474 1140 1615 1177 fahulae

129 1211 243 1256 parte
274 1207 406 1253 fuerit,
442 1206 618 1243 divinare
649 1219 874 1255 possumus;
918 1207 985 1243 sed
1017 1211 1361 1256 quantumcunque
1392 1207 1464 1244 hoc
1497 1208 1616 1244 detri-

128 1279 304 1313 mentum
335 1278 405 1322 est,
439 1288 587 1311 summa
617 1278 749 1311 tamen
781 1276 1000 1322 argumenti
1031 1275 1134 1312 clare
1166 1276 1416 1325 perspicitur.

213 1343 440 1390 Nicobulus,
461 1344 556 1380 civis
572 1343 824 1380 Atheniensis
841 1343 1325 1393 locupleS,Mnesilochum
1344 1342 1467 1380 filium
1485 1344 1616 1380 adule-

129 1417 298 1449 scentem
330 1412 371 1448 in
402 1411 533 1448 Asiam
566 1412 693 1458 misit,
734 1416 779 1448 ut
815 1413 1038 1461 pecuniam,
1087 1425 1202 1460 quam
1235 1412 1324 1448 olim
1358 1413 1440 1461 ipse
1471 1411 1616 1462 Ephesi

129 1480 233 1530 apud
256 1480 453 1529 hospitem
479 1480 724 1529 deposuerat,
758 1479 849 1517 inde
874 1480 1067 1517 sublatam
1093 1483 1328 1529 reportaret.
1375 1479 1616 1517 Adulescens

130 1549 233 1587 Sami
264 1550 304 1586 in
336 1560 505 1585 amorem
536 1547 741 1585 Bacchidis
772 1549 987 1585 meretricis
1019 1548 1174 1595 incidit,
1215 1548 1283 1585 sed
1315 1547 1518 1585 deficiente
1550 1561 1617 1598 pe-

132 1618 244 1655 cunia
275 1629 359 1654 eam
389 1616 560 1653 retinere
592 1629 670 1654 non
699 1620 845 1666 potest,
879 1620 918 1653 et
949 1616 1040 1653 dum
1072 1618 1222 1666 negotii
1249 1615 1477 1653 conficiendi
1503 1629 1618 1653 causa

128 1686 329 1736 Ephesum
359 1683 633 1734 proficiscitur,
668 1683 921 1722 Cleomachus
952 1685 1063 1722 miles
1095 1699 1176 1722 eam
1204 1686 1244 1721 in
1268 1698 1411 1722 annum
1436 1684 1620 1722 conducit

129 1767 336 1802 secumque
373 1753 548 1790 Athenas
587 1752 759 1790 abducit.
846 1753 958 1799 Quod
996 1753 1259 1790 Mnesilochus
1306 1753 1375 1790 ubi
1416 1753 1617 1801 comperit,

128 1823 283 1859 litteras
321 1822 446 1858 mittit
484 1821 533 1857 ad
572 1821 828 1857 Pistoclerum
878 1822 1042 1858 amicum
1090 1826 1128 1858 et
1173 1821 1348 1859 sodalem
1395 1834 1525 1866 suum,
1572 1825 1617 1857 ut

129 1889 361 1927 Bacchidem
392 1891 567 1926 inveniat
601 1902 775 1937 eamque,
810 1890 840 1925 si
872 1889 957 1926 fieri
986 1892 1125 1939 possit,
1159 1889 1232 1926 sibi
1263 1893 1404 1926 servet.
1451 1889 1616 1926 Bacchis

127 1962 172 1995 ut
203 1958 376 1995 Athenas
407 1957 525 2003 venit,
564 1957 619 1994 ibi
650 1970 826 1994 sororem
856 1959 1006 1995 invenit
1036 1960 1231 2005 geminam
1263 1961 1302 1994 et
1333 1958 1615 2005 cognominem,

129 2030 168 2063 et
199 2027 324 2075 ipsam
355 2026 620 2071 meretricem,
655 2039 770 2075 quam
801 2025 869 2062 ubi
899 2027 1091 2075 permissu
1122 2026 1259 2062 militis
1289 2027 1444 2071 invisit,
1493 2025 1540 2062 ab
1572 2038 1617 2062 ea

128 2094 233 2131 abire
265 2107 342 2131 non
372 2094 468 2131 vult.
528 2093 768 2130 Pistoclerus
800 2097 952 2140 autem,
996 2094 1225 2131 adulescens
1257 2094 1374 2131 etiam
1406 2107 1507 2130 nunc
1537 2106 1615 2143 pae-

127 2163 271 2210 dagogi
300 2164 467 2211 imperio
498 2162 708 2207 subiectus,
750 2162 842 2198 dum
874 2164 988 2199 amici
1019 2164 1180 2199 amicam
1212 2163 1354 2211 quaerit
1385 2168 1423 2199 et
1455 2162 1614 2210 reperit,

127 2232 210 2280 ipse
240 2231 474 2266 meretriciis
504 2229 862 2273 blanditiisvictus
893 2231 934 2267 in
967 2243 1136 2268 amorem
1167 2230 1307 2267 incidit
1339 2231 1422 2267 eius
1454 2230 1614 2274 sororis,

129 2311 215 2347 quae
246 2298 414 2334 Athenis
445 2297 670 2344 habitabat,
718 2312 789 2335 nec
827 2300 1002 2336 convicio
1040 2300 1232 2347 minisque
1272 2298 1371 2346 Lydi
1409 2296 1614 2346 paedagogi

127 2366 175 2403 ab
219 2379 264 2403 ea
306 2365 482 2403 abstrahi
513 2370 656 2415 potest.
730 2366 994 2404 Mnesilochus
1033 2367 1208 2404 confecto
1247 2367 1403 2415 negotio
1440 2365 1614 2400 Athenas

125 2446 307 2470 reversus
339 2433 571 2482 Chrysalum
603 2448 758 2471 servum
789 2436 922 2471 statim
953 2448 974 2471 a
1004 2441 1124 2484 portu
1154 2435 1377 2484 praemittit,
1424 2436 1467 2468 ut
1498 2444 1614 2480 quam

126 2503 294 2551 primum
325 2501 584 2539 Pistoclerum
627 2504 833 2540 conveniat
872 2508 928 2549 et,
977 2502 1072 2552 quid
1111 2502 1158 2539 de
1200 2500 1391 2538 Bacchide
1431 2499 1610 2544 effecerit,

127 2571 322 2607 resciscat.
397 2570 434 2606 Is
467 2570 535 2606 ubi
573 2570 807 2607 Bacchidem
849 2573 1050 2608 inventam
1092 2584 1173 2607 esse
1213 2569 1405 2616 comp-erit
1436 2567 1612 2615 nihilque

126 2640 251 2685 magis
285 2651 449 2687 cupere,
496 2651 611 2686 quam
641 2642 685 2675 ut
718 2652 739 2675 a
770 2639 893 2676 milite
925 2639 1123 2684 discedat,
1173 2637 1239 2673 sed
1270 2648 1397 2672 annuo
1434 2640 1614 2682 tempore

128 2705 300 2743 nondum
332 2711 469 2743 exacto
501 2707 579 2742 nisi
609 2705 786 2744 ducentis
819 2707 1012 2755 Philippis
1044 2707 1276 2750 numeratis,
1319 2708 1507 2751 quantum
1539 2715 1612 2751 pro

128 2773 280 2822 reliqua
314 2775 403 2810 anni
434 2778 547 2823 parte
580 2778 784 2824 acceperat
815 2772 866 2821 (v.
888 2776 979 2811 588.
1012 2774 1148 2819 1095),
1179 2771 1340 2808 liberari
1372 2783 1450 2806 non
1481 2782 1615 2819 posse,
