1897 3171
239 183 318 221 258
920 180 1042 215 Plauti
1482 183 1525 223 V,
1540 184 1569 221 2,
1585 184 1726 217 31—431

828 306 1130 348 Planesium

1011 379 1093 419 Per
1123 383 1200 420 tua
1230 392 1368 432 genua
1397 383 1441 420 te
1473 379 1663 431 obsecro,

236 447 294 489 Ut
324 461 402 488 nos
433 447 568 489 facias
600 449 817 490 certiores.

724 535 1232 590 Therapontigonus

950 608 1060 658 Quid
1091 609 1205 650 istuc
1237 608 1292 650 ad
1323 623 1401 650 uos
1432 609 1629 651 adtinet?
1655 621 1722 654 630

236 677 466 727 Quaeratis
513 678 781 732 chlamydem
829 684 870 720 et
914 680 1187 721 machaeram
1232 680 1362 731 hanc,
1407 680 1520 722 unde
1561 681 1615 722 ad
1654 695 1720 723 me

1182 752 1441 805 peruenerit.

848 821 1102 864 Curculio

234 892 293 933 Ut
323 892 491 934 fastidit
523 894 746 945 gloriosus.
807 895 931 936 Mitte
962 896 1112 946 istum3
1147 908 1224 947 ego
1257 895 1398 937 dicam
1430 896 1583 937 omnia.

826 981 1126 1024 Planesium

232 1050 348 1091 Nihil
381 1056 460 1097 est,
493 1052 607 1104 quod
639 1052 711 1094 ille
745 1053 858 1094 dicit.
921 1054 1007 1096 Fac
1038 1069 1103 1095 me
1137 1054 1374 1105 certiorem,
1408 1054 1600 1095 obsecro.

724 1139 1232 1195 Therapontigonus

231 1209 322 1262 Ego
348 1210 510 1262 dicam3
544 1225 683 1265 surge.
730 1212 853 1253 Hanc
877 1227 967 1253 rem
992 1213 1107 1266 agite
1133 1217 1264 1267 atque
1282 1213 1471 1254 animum
1489 1213 1718 1254 aduertite.

231 1281 361 1323 Pater
393 1296 510 1323 meus
543 1283 696 1325 habuit
727 1284 1006 1338 Periphanes.

827 1370 1129 1412 Planesium

1044 1443 1164 1494 Hem,
1200 1442 1454 1495 Periphanes
1467 1442 1487 1482 ?
1651 1453 1719 1487 635

721 1525 1231 1580 Therapontigonus

232 1596 273 1637 Is
307 1596 428 1650 prius
462 1609 591 1650 quam
622 1598 804 1638 moritur
835 1597 939 1639 mihi
971 1598 1091 1639 dedit
1121 1602 1344 1651 tamquam
1377 1611 1467 1648 suo,

233 1667 289 1709 Ut
320 1682 501 1722 aequom
532 1667 688 1718 fuerat,
718 1668 817 1720 filio,

823 1741 1128 1783 Planesium

871 1813 954 1855 Pro
986 1813 1205 1867 Juppiter!

720 1884 1231 1938 Therapontigonus

232 1954 287 1994 Et
318 1955 354 1995 is
388 1969 454 1995 me
486 1955 686 1997 heredem
718 1956 823 1997 fecit
854 1957 955 1997 eius.

828 2028 1135 2069 Planesium

1006 2100 1151 2141 Pietas
1183 2114 1288 2150 mea,

234 2168 371 2210 serua
402 2183 481 2220 me,
515 2170 689 2222 quando
723 2185 800 2223 ego
833 2176 874 2212 te
907 2172 1083 2212 seruaui
1115 2172 1276 2213 sedulo.

232 2241 385 2282 Frater
415 2242 486 2291 mi,
517 2241 650 2283 salue.

720 2313 1229 2368 Therapontigonus

707 2384 788 2433 Qui
821 2387 993 2427 credam
1024 2401 1102 2440 ego
1134 2388 1247 2428 istuc
1282 2386 1383 2427 tabi?
1416 2387 1532 2437 cedo,
1651 2398 1720 2431 640

234 2456 277 2497 Si
308 2471 410 2498 uera
443 2470 668 2507 memoras,
701 2471 812 2510 quae
844 2458 925 2499 fuit
956 2464 1095 2500 mater
1126 2459 1230 2500 tua?

324 2642 390 2675 632
413 2641 460 2675 Μ.
487 2641 595 2675 Mitte
653 2642 718 2675 633
746 2640 814 2675 CU.
841 2640 943 2675 Nihil
969 2645 1025 2675 est
1050 2643 1150 2686 quod
1175 2642 1238 2676 ille
1264 2642 1361 2676 dicit.
1410 2643 1484 2678 PH.
1509 2643 1583 2677 Fac
1649 2645 1715 2678 635

231 2698 440 2741 periplanes
464 2699 670 2742 plau-esium
747 2699 814 2732 638
838 2697 887 2731 Et
912 2697 980 2731 iste
1006 2709 1063 2732 me
1136 2699 1212 2733 eius
1236 2709 1301 2734 om.
1395 2700 1552 2734 638—40
1576 2699 1715 2734 duobus

233 2754 404 2788 uersibus.
500 2755 567 2788 640
590 2755 657 2788 tibi
684 2765 748 2789 om.
843 2755 999 2788 641—44
1025 2755 1136 2789 tribus
1164 2756 1338 2790 uersibus.
