1854 3188
221 187 273 225 88
899 182 1017 216 Plauti
1443 183 1506 227 III,
1523 185 1555 227 3,
1572 185 1707 218 36—54

221 309 276 351 At
305 321 432 359 nunc,
465 307 584 361 prius
616 321 746 360 quam
776 309 1024 362 septuennis
1056 313 1133 359 est,
1160 308 1195 350 si
1219 308 1419 361 adtingas
1443 322 1541 350 eum
1564 323 1707 359 manu,

220 379 451 434 Extemplo
483 392 592 432 puer
622 379 873 433 paedagogo
905 380 1058 422 tabula
1089 381 1318 433 disrumpit
1350 385 1492 434 caput.

222 453 360 503 Quom
391 455 560 505 patrem
591 450 722 492 adeas
754 452 1034 505 postulatum,
1065 466 1199 506 puero
1231 452 1290 493 sic
1322 452 1426 493 dicit
1456 457 1598 505 pater:

223 525 407 575 „Noster
439 526 544 574 esto,
577 522 676 564 dum
708 527 752 564 te
783 525 948 577 poteris
981 523 1207 565 defensare
1238 524 1434 564 iniuria“.
1640 536 1708 568 440

219 596 489 637 Prouocatur
520 594 818 648 paedagogus:
863 594 979 645 „Eho
1011 609 1140 636 senex
1171 596 1347 636 minumi
1378 596 1504 649 preti,

218 668 283 709 Ne
313 667 483 720 adtigas
515 681 697 720 puerum
728 667 838 708 istac
871 680 1015 718 causa,
1047 668 1220 721 quando
1251 667 1355 708 fecit
1386 671 1570 724 strenue.

219 739 284 781 Sit
314 739 524 792 magister
556 739 685 792 quasi
715 739 894 780 lucerna
923 743 1052 781 uncto
1086 739 1111 791 ἢ
1143 744 1345 793 expretus
1375 740 1548 780 linteo.“

218 812 311 853 Itur
340 811 458 852 illinc
489 810 584 851 iure
618 809 746 851 dicto.
808 810 973 852 Hocine
1005 811 1075 852 hic
1106 815 1234 864 pacto
1267 815 1411 865 potest

218 882 419 924 Inhibere
449 881 661 935 inperium
694 882 914 935 magister,
948 883 983 923 si
1014 883 1135 936 ipsus
1167 883 1328 937 primus
1359 883 1565 936 uapulet‘?
1642 894 1710 926 445

780 969 1148 1011 Mnesilochus

218 1042 340 1083 Acris
371 1040 610 1095 postulatio
642 1041 750 1082 haec
782 1046 858 1082 est.
921 1042 1057 1091 Quom
1088 1042 1214 1083 huius
1249 1042 1364 1083 dicta
1394 1041 1610 1094 intellego,

219 1114 329 1155 Mira
360 1116 472 1163 sunt,
502 1113 546 1153 ni
577 1112 841 1155 Pistoclerus
873 1114 1038 1168 Lydum
1068 1114 1225 1168 pugnis
1259 1113 1466 1154 contudit.

797 1200 1126 1242 Philoxenus

218 1272 301 1315 Sed
333 1272 427 1325 quis
459 1271 529 1312 hic
561 1276 637 1323 est,
670 1286 799 1326 quem
831 1273 1076 1314 adstantem
1107 1272 1235 1314 uideo
1269 1277 1368 1313 ante
1401 1272 1586 1313 ostium?

875 1367 1049 1421 Lydus

1397 1439 1430 1479 O
1463 1438 1711 1490 Philoxene,

217 1510 328 1551 Deos
360 1510 569 1564 propitios
601 1525 667 1551 me
698 1511 846 1551 uidere
879 1524 1008 1563 quam
1040 1510 1158 1551 illum
1191 1511 1303 1551 haud
1331 1510 1559 1552 mauellem
1589 1511 1706 1552 mihi.

797 1605 1124 1646 Philoxenus

218 1675 322 1725 Quis
353 1676 441 1717 illic
473 1677 566 1718 est‘?

875 1749 1049 1803 Lydus

615 1820 903 1862 Mnesilochus
935 1821 1055 1873 gnati
1086 1822 1148 1862 tui
1183 1821 1342 1862 sodalis
1639 1833 1708 1866 450

216 1891 343 1933 Haud
369 1892 582 1933 consimili
611 1893 781 1946 ingenio
808 1896 939 1944 atque
965 1892 1091 1939 illest,
1123 1893 1195 1945 qui
1219 1894 1263 1933 in
1285 1892 1485 1946 lupanari
1502 1893 1703 1935 adcubat.

218 1964 504 2006 Fortunatum
536 1963 807 2015 Nicobulum,
840 1964 912 2017 qui
944 1963 1065 2004 illum
1096 1964 1299 2017 produxit
1331 1964 1431 2005 sibi!

794 2058 1124 2099 Philoxenus

218 2129 371 2171 Saluos
405 2130 477 2181 sis,
509 2129 798 2181 Mnesilochc;
830 2130 997 2171 saluom
1028 2133 1070 2170 te
1102 2130 1308 2172 aduenire
1340 2131 1518 2184 gaudeo.

771 2224 1145 2266 Mnesilochus

216 2296 269 2337 Di
301 2300 344 2337 te
375 2299 531 2346 ament,
564 2296 809 2337 Philoxene.

870 2391 1042 2445 Lydus

812 2462 893 2504 Hic
926 2464 1037 2504 enim
1071 2464 1149 2504 rite
1181 2463 1438 2516 productust
1468 2465 1595 2517 patri.

213 2534 263 2574 In
293 2547 410 2575 mare
441 2534 487 2585 it,
517 2546 608 2574 rem
639 2532 893 2575 familiarem
928 2540 1064 2585 curat,
1097 2534 1284 2576 custodit
1316 2535 1509 2587 domum3
1634 2547 1702 2580 455

303 2703 371 2736 438
397 2701 594 2746 dirrumpit
615 2701 643 2737 O
734 2704 800 2736 442
826 2702 996 2747 adtingas
1090 2705 1155 2738 443
1182 2704 1223 2737 Id
1237 2705 1284 2748 B,
1310 2704 1359 2738 Et
1374 2704 1402 2738 C
1502 2706 1568 2739 449
1592 2704 1699 2738 MNE

208 2758 426 2803 prcefi'yith
522 2758 619 2792 haud
644 2769 709 2793 om.
803 2761 870 2793 450
895 2759 1030 2793 sodalis
1055 2760 1244 2804 pistocleri
1337 2762 1402 2794 455
1427 2761 1471 2794 iit
1494 2761 1540 2803 B,
1567 2764 1609 2795 ut
1636 2761 1664 2795 G
