<?xml version="1.0" encoding="UTF-8"?>
<!DOCTYPE html PUBLIC "-//W3C//DTD XHTML 1.0 Transitional//EN"
    "http://www.w3.org/TR/xhtml1/DTD/xhtml1-transitional.dtd">
<html xmlns="http://www.w3.org/1999/xhtml" xml:lang="en" lang="en">
 <head>
  <title>
</title>
<meta http-equiv="Content-Type" content="text/html;charset=utf-8" />
  <meta name='ocr-system' content='tesseract 3.04.00' />
  <meta name='ocr-capabilities' content='ocr_page ocr_carea ocr_par ocr_line ocrx_word'/>
</head>
<body>
  <div class='ocr_page' id='page_1' title='image "./comoediaerecensu02plauuoft_0192.png"; bbox 0 0 1854 3188; ppageno 0'>
   <div class='ocr_carea' id='block_1_1' title="bbox 214 215 1700 258">
    <p class='ocr_par' dir='ltr' id='par_1_1' title="bbox 214 215 1700 258">
     <span class='ocr_line' id='line_1_1' title="bbox 214 215 1700 258; baseline -0.011 -1"><span class='ocrx_word' id='word_1_1' title='bbox 214 219 290 257; x_wconf 70' lang='lat'>172</span> <span class='ocrx_word' id='word_1_2' title='bbox 896 216 1016 250; x_wconf 80' lang='lat' dir='ltr'>Plauti</span> <span class='ocrx_word' id='word_1_3' title='bbox 1460 215 1527 258; x_wconf 65' lang='lat'>111,</span> <span class='ocrx_word' id='word_1_4' title='bbox 1545 218 1574 258; x_wconf 69' lang='lat'>1,</span> <span class='ocrx_word' id='word_1_5' title='bbox 1587 218 1700 251; x_wconf 73' lang='lat'><strong>3-34</strong></span> 
     </span>
    </p>
   </div>
   <div class='ocr_carea' id='block_1_2' title="bbox 208 341 1706 1329">
    <p class='ocr_par' dir='ltr' id='par_1_2' title="bbox 209 341 1357 394">
     <span class='ocr_line' id='line_1_2' title="bbox 209 341 1357 394; baseline 0.002 -13"><span class='ocrx_word' id='word_1_6' title='bbox 209 341 276 382; x_wconf 87' lang='lat' dir='ltr'>Ita</span> <span class='ocrx_word' id='word_1_7' title='bbox 307 345 460 382; x_wconf 87' lang='lat' dir='ltr'>uenter</span> <span class='ocrx_word' id='word_1_8' title='bbox 491 345 727 394; x_wconf 76' lang='lat' dir='ltr'>gutturque</span> <span class='ocrx_word' id='word_1_9' title='bbox 757 342 951 383; x_wconf 77' lang='lat' dir='ltr'>resident</span> <span class='ocrx_word' id='word_1_10' title='bbox 983 341 1182 382; x_wconf 87' lang='lat' dir='ltr'>esurialis</span> <span class='ocrx_word' id='word_1_11' title='bbox 1213 341 1357 383; x_wconf 84' lang='lat' dir='ltr'>ferias.</span> 
     </span>
    </p>

    <p class='ocr_par' dir='ltr' id='par_1_3' title="bbox 210 412 1429 465">
     <span class='ocr_line' id='line_1_3' title="bbox 210 412 1429 465; baseline 0.002 -13"><span class='ocrx_word' id='word_1_12' title='bbox 210 412 333 452; x_wconf 80' lang='lat' dir='ltr'>Ilicet</span> <span class='ocrx_word' id='word_1_13' title='bbox 364 412 624 465; x_wconf 87' lang='lat' dir='ltr'>parasiticae</span> <span class='ocrx_word' id='word_1_14' title='bbox 656 414 740 454; x_wconf 88' lang='lat' dir='ltr'>arti</span> <span class='ocrx_word' id='word_1_15' title='bbox 771 427 1017 454; x_wconf 79' lang='lat' dir='ltr'>maxumam</span> <span class='ocrx_word' id='word_1_16' title='bbox 1048 413 1206 454; x_wconf 88' lang='lat' dir='ltr'>malam</span> <span class='ocrx_word' id='word_1_17' title='bbox 1239 427 1429 465; x_wconf 79' lang='lat' dir='ltr'>crucem3</span> 
     </span>
    </p>

    <p class='ocr_par' dir='ltr' id='par_1_4' title="bbox 211 484 1458 539">
     <span class='ocr_line' id='line_1_4' title="bbox 211 484 1458 539; baseline 0 -15"><span class='ocrx_word' id='word_1_18' title='bbox 211 484 277 525; x_wconf 82' lang='lat' dir='ltr'>Ita</span> <span class='ocrx_word' id='word_1_19' title='bbox 307 484 511 525; x_wconf 88' lang='lat' dir='ltr'>iuuentus</span> <span class='ocrx_word' id='word_1_20' title='bbox 542 484 628 525; x_wconf 90' lang='lat' dir='ltr'>iam</span> <span class='ocrx_word' id='word_1_21' title='bbox 659 485 864 526; x_wconf 88' lang='lat' dir='ltr'>ridiculos</span> <span class='ocrx_word' id='word_1_22' title='bbox 896 486 1048 539; x_wconf 78' lang='lat' dir='ltr'>inopes</span> <span class='ocrx_word' id='word_1_23' title='bbox 1082 484 1135 525; x_wconf 90' lang='lat' dir='ltr'>ab</span> <span class='ocrx_word' id='word_1_24' title='bbox 1169 498 1213 526; x_wconf 90' lang='lat' dir='ltr'>se</span> <span class='ocrx_word' id='word_1_25' title='bbox 1246 489 1458 537; x_wconf 81' lang='lat' dir='ltr'>segregat.</span> 
     </span>
    </p>

    <p class='ocr_par' dir='ltr' id='par_1_5' title="bbox 210 555 1704 606">
     <span class='ocr_line' id='line_1_5' title="bbox 210 555 1704 606; baseline 0.001 -11"><span class='ocrx_word' id='word_1_26' title='bbox 210 555 327 596; x_wconf 79' lang='lat' dir='ltr'>Nihil</span> <span class='ocrx_word' id='word_1_27' title='bbox 358 560 583 596; x_wconf 87' lang='lat' dir='ltr'>morantur</span> <span class='ocrx_word' id='word_1_28' title='bbox 614 556 700 597; x_wconf 85' lang='lat' dir='ltr'>iam</span> <span class='ocrx_word' id='word_1_29' title='bbox 733 556 926 597; x_wconf 81' lang='lat' dir='ltr'>Lacones</span> <span class='ocrx_word' id='word_1_30' title='bbox 956 557 1032 597; x_wconf 92' lang='lat' dir='ltr'>uni</span> <span class='ocrx_word' id='word_1_31' title='bbox 1064 555 1240 597; x_wconf 88' lang='lat' dir='ltr'>subselli</span> <span class='ocrx_word' id='word_1_32' title='bbox 1270 557 1402 606; x_wconf 86' lang='lat' dir='ltr'>uiros,</span> <span class='ocrx_word' id='word_1_33' title='bbox 1636 569 1704 602; x_wconf 76' lang='lat'>470</span> 
     </span>
    </p>

    <p class='ocr_par' dir='ltr' id='par_1_6' title="bbox 210 627 1589 682">
     <span class='ocr_line' id='line_1_6' title="bbox 210 627 1589 682; baseline 0.001 -15"><span class='ocrx_word' id='word_1_34' title='bbox 210 627 523 681; x_wconf 87' lang='lat' dir='ltr'>Plagipatidas,</span> <span class='ocrx_word' id='word_1_35' title='bbox 557 628 713 682; x_wconf 90' lang='lat' dir='ltr'>quibus</span> <span class='ocrx_word' id='word_1_36' title='bbox 746 634 846 670; x_wconf 85' lang='lat' dir='ltr'>sunt</span> <span class='ocrx_word' id='word_1_37' title='bbox 876 628 1013 669; x_wconf 87' lang='lat' dir='ltr'>uerba</span> <span class='ocrx_word' id='word_1_38' title='bbox 1044 629 1134 669; x_wconf 90' lang='lat' dir='ltr'>sine</span> <span class='ocrx_word' id='word_1_39' title='bbox 1166 642 1278 681; x_wconf 90' lang='lat' dir='ltr'>penu</span> <span class='ocrx_word' id='word_1_40' title='bbox 1311 632 1354 669; x_wconf 87' lang='lat' dir='ltr'>et</span> <span class='ocrx_word' id='word_1_41' title='bbox 1384 629 1589 682; x_wconf 82' lang='lat' dir='ltr'>pecunia3</span> 
     </span>
    </p>

    <p class='ocr_par' dir='ltr' id='par_1_7' title="bbox 210 698 1665 753">
     <span class='ocr_line' id='line_1_7' title="bbox 210 698 1665 753; baseline 0.001 -13"><span class='ocrx_word' id='word_1_42' title='bbox 210 698 296 740; x_wconf 92' lang='lat' dir='ltr'>Eos</span> <span class='ocrx_word' id='word_1_43' title='bbox 327 700 566 753; x_wconf 87' lang='lat' dir='ltr'>requirunt,</span> <span class='ocrx_word' id='word_1_44' title='bbox 600 700 684 752; x_wconf 83' lang='lat' dir='ltr'>qui,</span> <span class='ocrx_word' id='word_1_45' title='bbox 715 699 916 741; x_wconf 83' lang='lat' dir='ltr'>lubenter</span> <span class='ocrx_word' id='word_1_46' title='bbox 947 714 1075 753; x_wconf 89' lang='lat' dir='ltr'>quom</span> <span class='ocrx_word' id='word_1_47' title='bbox 1108 699 1288 751; x_wconf 85' lang='lat' dir='ltr'>ederint,</span> <span class='ocrx_word' id='word_1_48' title='bbox 1320 700 1506 741; x_wconf 83' lang='lat' dir='ltr'>reddant</span> <span class='ocrx_word' id='word_1_49' title='bbox 1538 700 1665 742; x_wconf 91' lang='lat' dir='ltr'>domi.</span> 
     </span>
    </p>

    <p class='ocr_par' dir='ltr' id='par_1_8' title="bbox 208 770 1554 825">
     <span class='ocr_line' id='line_1_8' title="bbox 208 770 1554 825; baseline 0.001 -14"><span class='ocrx_word' id='word_1_50' title='bbox 208 770 297 824; x_wconf 88' lang='lat' dir='ltr'>Ipsi</span> <span class='ocrx_word' id='word_1_51' title='bbox 329 775 552 825; x_wconf 84' lang='lat' dir='ltr'>opsonant,</span> <span class='ocrx_word' id='word_1_52' title='bbox 585 785 696 824; x_wconf 87' lang='lat' dir='ltr'>quae</span> <span class='ocrx_word' id='word_1_53' title='bbox 729 772 1022 825; x_wconf 88' lang='lat' dir='ltr'>parasitorum</span> <span class='ocrx_word' id='word_1_54' title='bbox 1053 776 1153 813; x_wconf 90' lang='lat' dir='ltr'>ante</span> <span class='ocrx_word' id='word_1_55' title='bbox 1185 775 1278 813; x_wconf 85' lang='lat' dir='ltr'>erat</span> <span class='ocrx_word' id='word_1_56' title='bbox 1308 772 1554 825; x_wconf 83' lang='lat' dir='ltr'>prouincia3</span> 
     </span>
    </p>

    <p class='ocr_par' dir='ltr' id='par_1_9' title="bbox 211 842 1431 898">
     <span class='ocr_line' id='line_1_9' title="bbox 211 842 1431 898; baseline 0.002 -16"><span class='ocrx_word' id='word_1_57' title='bbox 211 842 296 895; x_wconf 89' lang='lat' dir='ltr'>Ipsi</span> <span class='ocrx_word' id='word_1_58' title='bbox 330 843 381 884; x_wconf 88' lang='lat' dir='ltr'>de</span> <span class='ocrx_word' id='word_1_59' title='bbox 412 842 504 885; x_wconf 86' lang='lat' dir='ltr'>foro</span> <span class='ocrx_word' id='word_1_60' title='bbox 537 847 626 883; x_wconf 88' lang='lat' dir='ltr'>tam</span> <span class='ocrx_word' id='word_1_61' title='bbox 659 848 810 897; x_wconf 89' lang='lat' dir='ltr'>aperto</span> <span class='ocrx_word' id='word_1_62' title='bbox 844 843 987 898; x_wconf 88' lang='lat' dir='ltr'>capite</span> <span class='ocrx_word' id='word_1_63' title='bbox 1019 843 1075 884; x_wconf 93' lang='lat' dir='ltr'>ad</span> <span class='ocrx_word' id='word_1_64' title='bbox 1105 842 1282 885; x_wconf 88' lang='lat' dir='ltr'>lenones</span> <span class='ocrx_word' id='word_1_65' title='bbox 1314 848 1431 894; x_wconf 88' lang='lat' dir='ltr'>eunt,</span> 
     </span>
    </p>

    <p class='ocr_par' dir='ltr' id='par_1_10' title="bbox 212 913 1706 968">
     <span class='ocr_line' id='line_1_10' title="bbox 212 913 1706 968; baseline 0.003 -13"><span class='ocrx_word' id='word_1_66' title='bbox 212 913 349 963; x_wconf 78' lang='lat' dir='ltr'>Quam</span> <span class='ocrx_word' id='word_1_67' title='bbox 380 915 424 955; x_wconf 89' lang='lat' dir='ltr'>in</span> <span class='ocrx_word' id='word_1_68' title='bbox 454 914 572 956; x_wconf 87' lang='lat' dir='ltr'>tribu</span> <span class='ocrx_word' id='word_1_69' title='bbox 604 919 754 968; x_wconf 86' lang='lat' dir='ltr'>aperto</span> <span class='ocrx_word' id='word_1_70' title='bbox 787 915 928 968; x_wconf 88' lang='lat' dir='ltr'>capite</span> <span class='ocrx_word' id='word_1_71' title='bbox 959 915 1097 956; x_wconf 88' lang='lat' dir='ltr'>sontis</span> <span class='ocrx_word' id='word_1_72' title='bbox 1130 914 1418 956; x_wconf 87' lang='lat' dir='ltr'>condemnant</span> <span class='ocrx_word' id='word_1_73' title='bbox 1448 929 1556 965; x_wconf 82' lang='lat' dir='ltr'>reOS,</span> <span class='ocrx_word' id='word_1_74' title='bbox 1638 925 1706 960; x_wconf 84' lang='lat'>475</span> 
     </span>
    </p>

    <p class='ocr_par' dir='ltr' id='par_1_11' title="bbox 210 985 1633 1039">
     <span class='ocr_line' id='line_1_11' title="bbox 210 985 1633 1039; baseline 0.001 -14"><span class='ocrx_word' id='word_1_75' title='bbox 210 985 359 1039; x_wconf 81' lang='lat' dir='ltr'>Neque</span> <span class='ocrx_word' id='word_1_76' title='bbox 390 986 597 1028; x_wconf 84' lang='lat' dir='ltr'>ridiculos</span> <span class='ocrx_word' id='word_1_77' title='bbox 629 987 713 1027; x_wconf 87' lang='lat' dir='ltr'>iam</span> <span class='ocrx_word' id='word_1_78' title='bbox 745 987 913 1028; x_wconf 87' lang='lat' dir='ltr'>terunci</span> <span class='ocrx_word' id='word_1_79' title='bbox 943 986 1130 1037; x_wconf 81' lang='lat' dir='ltr'>faciunt3</span> <span class='ocrx_word' id='word_1_80' title='bbox 1165 1001 1259 1028; x_wconf 88' lang='lat' dir='ltr'>sese</span> <span class='ocrx_word' id='word_1_81' title='bbox 1292 1001 1441 1028; x_wconf 89' lang='lat' dir='ltr'>omnes</span> <span class='ocrx_word' id='word_1_82' title='bbox 1473 991 1633 1028; x_wconf 87' lang='lat' dir='ltr'>amant.</span> 
     </span>
    </p>

    <p class='ocr_par' dir='ltr' id='par_1_12' title="bbox 209 1057 1704 1111">
     <span class='ocr_line' id='line_1_12' title="bbox 209 1057 1704 1111; baseline 0.001 -13"><span class='ocrx_word' id='word_1_83' title='bbox 209 1057 319 1098; x_wconf 80' lang='lat' dir='ltr'>Nam</span> <span class='ocrx_word' id='word_1_84' title='bbox 346 1071 417 1111; x_wconf 56' lang='lat' dir='ltr'>esso</span> <span class='ocrx_word' id='word_1_85' title='bbox 443 1062 491 1099; x_wconf 88' lang='lat' dir='ltr'>ut</span> <span class='ocrx_word' id='word_1_86' title='bbox 516 1058 678 1099; x_wconf 87' lang='lat' dir='ltr'>dudum</span> <span class='ocrx_word' id='word_1_87' title='bbox 702 1058 800 1100; x_wconf 88' lang='lat' dir='ltr'>hinc</span> <span class='ocrx_word' id='word_1_88' title='bbox 827 1058 928 1109; x_wconf 89' lang='lat' dir='ltr'>abii,</span> <span class='ocrx_word' id='word_1_89' title='bbox 961 1058 1127 1100; x_wconf 83' lang='lat' dir='ltr'>adcessi</span> <span class='ocrx_word' id='word_1_90' title='bbox 1151 1059 1207 1100; x_wconf 86' lang='lat' dir='ltr'>ad</span> <span class='ocrx_word' id='word_1_91' title='bbox 1230 1059 1520 1100; x_wconf 88' lang='lat' dir='ltr'>adulescentis</span> <span class='ocrx_word' id='word_1_92' title='bbox 1536 1059 1580 1099; x_wconf 89' lang='lat' dir='ltr'>in</span> <span class='ocrx_word' id='word_1_93' title='bbox 1596 1058 1704 1100; x_wconf 78' lang='lat' dir='ltr'>foro.</span> 
     </span>
    </p>

    <p class='ocr_par' dir='ltr' id='par_1_13' title="bbox 214 1128 1705 1245">
     <span class='ocr_line' id='line_1_13' title="bbox 214 1128 1705 1185; baseline 0.001 -15"><span class='ocrx_word' id='word_1_94' title='bbox 214 1128 439 1179; x_wconf 70' lang='lat' dir='ltr'>‚‚Saluete“</span> <span class='ocrx_word' id='word_1_95' title='bbox 473 1130 671 1183; x_wconf 71' lang='lat' dir='ltr'>inquam,</span> <span class='ocrx_word' id='word_1_96' title='bbox 724 1144 833 1184; x_wconf 76' lang='lat' dir='ltr'>„quo</span> <span class='ocrx_word' id='word_1_97' title='bbox 875 1132 984 1172; x_wconf 87' lang='lat' dir='ltr'>imus</span> <span class='ocrx_word' id='word_1_98' title='bbox 1024 1145 1110 1172; x_wconf 90' lang='lat' dir='ltr'>una</span> <span class='ocrx_word' id='word_1_99' title='bbox 1151 1131 1205 1172; x_wconf 88' lang='lat' dir='ltr'>ad</span> <span class='ocrx_word' id='word_1_100' title='bbox 1236 1131 1524 1185; x_wconf 84' lang='lat' dir='ltr'>prandium‘?“</span> <span class='ocrx_word' id='word_1_101' title='bbox 1573 1134 1705 1184; x_wconf 86' lang='lat' dir='ltr'>atque</span> 
     </span>
     <span class='ocr_line' id='line_1_14' title="bbox 1162 1203 1417 1245; baseline 0.004 -2"><span class='ocrx_word' id='word_1_102' title='bbox 1162 1203 1226 1244; x_wconf 91' lang='lat' dir='ltr'>illi</span> <span class='ocrx_word' id='word_1_103' title='bbox 1256 1208 1417 1245; x_wconf 87' lang='lat' dir='ltr'>tacent.</span> 
     </span>
    </p>

    <p class='ocr_par' dir='ltr' id='par_1_14' title="bbox 215 1272 1706 1329">
     <span class='ocr_line' id='line_1_15' title="bbox 215 1272 1706 1329; baseline 0.002 -17"><span class='ocrx_word' id='word_1_104' title='bbox 215 1272 346 1322; x_wconf 64' lang='lat' dir='ltr'>„Quis</span> <span class='ocrx_word' id='word_1_105' title='bbox 379 1273 468 1326; x_wconf 84' lang='lat' dir='ltr'>agit</span> <span class='ocrx_word' id='word_1_106' title='bbox 498 1273 591 1323; x_wconf 90' lang='lat' dir='ltr'>hoc,</span> <span class='ocrx_word' id='word_1_107' title='bbox 634 1278 711 1315; x_wconf 90' lang='lat' dir='ltr'>aut</span> <span class='ocrx_word' id='word_1_108' title='bbox 742 1276 837 1327; x_wconf 85' lang='lat' dir='ltr'>quis</span> <span class='ocrx_word' id='word_1_109' title='bbox 871 1275 1151 1329; x_wconf 76' lang='lat' dir='ltr'>profitetur‘?·‘</span> <span class='ocrx_word' id='word_1_110' title='bbox 1201 1276 1397 1328; x_wconf 82' lang='lat' dir='ltr'>inquam3</span> <span class='ocrx_word' id='word_1_111' title='bbox 1444 1275 1568 1328; x_wconf 89' lang='lat' dir='ltr'>quasi</span> <span class='ocrx_word' id='word_1_112' title='bbox 1598 1274 1706 1315; x_wconf 90' lang='lat' dir='ltr'>muti</span> 
     </span>
    </p>
   </div>
   <div class='ocr_carea' id='block_1_3' title="bbox 211 1347 1708 1535">
    <p class='ocr_par' dir='ltr' id='par_1_15' title="bbox 211 1347 1708 1535">
     <span class='ocr_line' id='line_1_16' title="bbox 1166 1347 1294 1388; baseline 0.008 -1"><span class='ocrx_word' id='word_1_113' title='bbox 1166 1347 1294 1388; x_wconf 83' lang='lat' dir='ltr'>silent</span> 
     </span>
     <span class='ocr_line' id='line_1_17' title="bbox 211 1417 1706 1472; baseline 0.001 -14"><span class='ocrx_word' id='word_1_114' title='bbox 211 1417 360 1471; x_wconf 82' lang='lat' dir='ltr'>Neque</span> <span class='ocrx_word' id='word_1_115' title='bbox 392 1432 459 1459; x_wconf 91' lang='lat' dir='ltr'>me</span> <span class='ocrx_word' id='word_1_116' title='bbox 490 1418 645 1460; x_wconf 86' lang='lat' dir='ltr'>rident.</span> <span class='ocrx_word' id='word_1_117' title='bbox 712 1419 821 1469; x_wconf 81' lang='lat' dir='ltr'>„Ubi</span> <span class='ocrx_word' id='word_1_118' title='bbox 853 1420 1110 1461; x_wconf 75' lang='lat' dir='ltr'>cenamus‘?“</span> <span class='ocrx_word' id='word_1_119' title='bbox 1152 1419 1341 1472; x_wconf 79' lang='lat' dir='ltr'>inquam,</span> <span class='ocrx_word' id='word_1_120' title='bbox 1374 1423 1505 1472; x_wconf 88' lang='lat' dir='ltr'>atque</span> <span class='ocrx_word' id='word_1_121' title='bbox 1536 1418 1599 1459; x_wconf 88' lang='lat' dir='ltr'>illi</span> <span class='ocrx_word' id='word_1_122' title='bbox 1631 1417 1706 1459; x_wconf 90' lang='lat' dir='ltr'>ab·</span> 
     </span>
     <span class='ocr_line' id='line_1_18' title="bbox 1162 1496 1708 1535; baseline 0.005 -3"><span class='ocrx_word' id='word_1_123' title='bbox 1162 1496 1310 1532; x_wconf 83' lang='lat' dir='ltr'>nuunt.</span> <span class='ocrx_word' id='word_1_124' title='bbox 1639 1501 1708 1535; x_wconf 82' lang='grc'>480</span> 
     </span>
    </p>
   </div>
   <div class='ocr_carea' id='block_1_4' title="bbox 216 1561 1714 2478">
    <p class='ocr_par' dir='ltr' id='par_1_16' title="bbox 219 1561 1479 1612">
     <span class='ocr_line' id='line_1_19' title="bbox 219 1561 1479 1612; baseline 0.001 -10"><span class='ocrx_word' id='word_1_125' title='bbox 219 1561 323 1602; x_wconf 89' lang='lat' dir='ltr'>Dico</span> <span class='ocrx_word' id='word_1_126' title='bbox 354 1576 486 1603; x_wconf 89' lang='lat' dir='ltr'>unum</span> <span class='ocrx_word' id='word_1_127' title='bbox 517 1561 747 1603; x_wconf 89' lang='lat' dir='ltr'>ridiculum</span> <span class='ocrx_word' id='word_1_128' title='bbox 781 1562 942 1603; x_wconf 85' lang='lat' dir='ltr'>dictum</span> <span class='ocrx_word' id='word_1_129' title='bbox 974 1562 1026 1603; x_wconf 87' lang='lat' dir='ltr'>de</span> <span class='ocrx_word' id='word_1_130' title='bbox 1058 1562 1184 1604; x_wconf 90' lang='lat' dir='ltr'>dictis</span> <span class='ocrx_word' id='word_1_131' title='bbox 1216 1562 1479 1612; x_wconf 87' lang='lat' dir='ltr'>melioribus,</span> 
     </span>
    </p>

    <p class='ocr_par' dir='ltr' id='par_1_17' title="bbox 218 1632 1513 1689">
     <span class='ocr_line' id='line_1_20' title="bbox 218 1632 1513 1689; baseline 0 -15"><span class='ocrx_word' id='word_1_132' title='bbox 218 1632 382 1683; x_wconf 82' lang='lat' dir='ltr'>Quibus</span> <span class='ocrx_word' id='word_1_133' title='bbox 415 1633 607 1675; x_wconf 85' lang='lat' dir='ltr'>solebam</span> <span class='ocrx_word' id='word_1_134' title='bbox 638 1634 913 1676; x_wconf 87' lang='lat' dir='ltr'>menstrualis</span> <span class='ocrx_word' id='word_1_135' title='bbox 946 1633 1096 1689; x_wconf 87' lang='lat' dir='ltr'>epulas</span> <span class='ocrx_word' id='word_1_136' title='bbox 1129 1639 1230 1676; x_wconf 90' lang='lat' dir='ltr'>ante</span> <span class='ocrx_word' id='word_1_137' title='bbox 1263 1634 1513 1688; x_wconf 84' lang='lat' dir='ltr'>adipiscier3</span> 
     </span>
    </p>

    <p class='ocr_par' dir='ltr' id='par_1_18' title="bbox 218 1705 1519 1760">
     <span class='ocr_line' id='line_1_21' title="bbox 218 1705 1519 1760; baseline 0 -14"><span class='ocrx_word' id='word_1_138' title='bbox 218 1706 353 1749; x_wconf 75' lang='lat' dir='ltr'>Nemo</span> <span class='ocrx_word' id='word_1_139' title='bbox 386 1706 510 1748; x_wconf 90' lang='lat' dir='ltr'>ridet.</span> <span class='ocrx_word' id='word_1_140' title='bbox 573 1705 688 1747; x_wconf 83' lang='lat' dir='ltr'>Sciui</span> <span class='ocrx_word' id='word_1_141' title='bbox 719 1705 936 1760; x_wconf 77' lang='lat' dir='ltr'>extemplo</span> <span class='ocrx_word' id='word_1_142' title='bbox 967 1721 1058 1747; x_wconf 88' lang='lat' dir='ltr'>rem</span> <span class='ocrx_word' id='word_1_143' title='bbox 1090 1706 1142 1747; x_wconf 91' lang='lat' dir='ltr'>de</span> <span class='ocrx_word' id='word_1_144' title='bbox 1175 1711 1384 1760; x_wconf 82' lang='lat' dir='ltr'>conpecto</span> <span class='ocrx_word' id='word_1_145' title='bbox 1416 1706 1519 1760; x_wconf 84' lang='lat' dir='ltr'>geri.</span> 
     </span>
    </p>

    <p class='ocr_par' dir='ltr' id='par_1_19' title="bbox 218 1778 1712 1976">
     <span class='ocr_line' id='line_1_22' title="bbox 219 1778 1594 1832; baseline 0 -13"><span class='ocrx_word' id='word_1_146' title='bbox 219 1778 281 1819; x_wconf 81' lang='lat' dir='ltr'>Ne</span> <span class='ocrx_word' id='word_1_147' title='bbox 314 1791 463 1819; x_wconf 86' lang='lat' dir='ltr'>canem</span> <span class='ocrx_word' id='word_1_148' title='bbox 495 1778 668 1832; x_wconf 88' lang='lat' dir='ltr'>quidem</span> <span class='ocrx_word' id='word_1_149' title='bbox 697 1778 914 1820; x_wconf 87' lang='lat' dir='ltr'>irritatam</span> <span class='ocrx_word' id='word_1_150' title='bbox 945 1779 1085 1820; x_wconf 90' lang='lat' dir='ltr'>uoluit</span> <span class='ocrx_word' id='word_1_151' title='bbox 1116 1779 1343 1832; x_wconf 89' lang='lat' dir='ltr'>quisquam</span> <span class='ocrx_word' id='word_1_152' title='bbox 1374 1778 1594 1828; x_wconf 75' lang='lat' dir='ltr'>imitarier,</span> 
     </span>
     <span class='ocr_line' id='line_1_23' title="bbox 219 1850 1712 1902; baseline 0.002 -11"><span class='ocrx_word' id='word_1_153' title='bbox 219 1850 394 1901; x_wconf 81' lang='lat' dir='ltr'>Saltem,</span> <span class='ocrx_word' id='word_1_154' title='bbox 427 1850 461 1891; x_wconf 89' lang='lat' dir='ltr'>si</span> <span class='ocrx_word' id='word_1_155' title='bbox 491 1863 578 1891; x_wconf 91' lang='lat' dir='ltr'>non</span> <span class='ocrx_word' id='word_1_156' title='bbox 611 1850 867 1901; x_wconf 76' lang='lat' dir='ltr'>arriderent,</span> <span class='ocrx_word' id='word_1_157' title='bbox 901 1850 1042 1892; x_wconf 85' lang='lat' dir='ltr'>dentis</span> <span class='ocrx_word' id='word_1_158' title='bbox 1074 1854 1123 1892; x_wconf 89' lang='lat' dir='ltr'>ut</span> <span class='ocrx_word' id='word_1_159' title='bbox 1152 1851 1476 1902; x_wconf 81' lang='lat' dir='ltr'>restringerent.</span> <span class='ocrx_word' id='word_1_160' title='bbox 1644 1861 1712 1894; x_wconf 79' lang='lat'>485</span> 
     </span>
     <span class='ocr_line' id='line_1_24' title="bbox 218 1921 1480 1976; baseline 0 -14"><span class='ocrx_word' id='word_1_161' title='bbox 218 1922 336 1963; x_wconf 88' lang='lat' dir='ltr'>Abeo</span> <span class='ocrx_word' id='word_1_162' title='bbox 368 1922 422 1963; x_wconf 89' lang='lat' dir='ltr'>ab</span> <span class='ocrx_word' id='word_1_163' title='bbox 454 1921 554 1971; x_wconf 85' lang='lat' dir='ltr'>illis,</span> <span class='ocrx_word' id='word_1_164' title='bbox 586 1926 816 1976; x_wconf 87' lang='lat' dir='ltr'>postquam</span> <span class='ocrx_word' id='word_1_165' title='bbox 848 1922 975 1964; x_wconf 90' lang='lat' dir='ltr'>uideo</span> <span class='ocrx_word' id='word_1_166' title='bbox 1006 1936 1072 1963; x_wconf 90' lang='lat' dir='ltr'>me</span> <span class='ocrx_word' id='word_1_167' title='bbox 1105 1922 1167 1964; x_wconf 94' lang='lat' dir='ltr'>sic</span> <span class='ocrx_word' id='word_1_168' title='bbox 1198 1922 1480 1973; x_wconf 73' lang='lat' dir='ltr'>ludificarier-3</span> 
     </span>
    </p>

    <p class='ocr_par' dir='ltr' id='par_1_20' title="bbox 216 1993 1714 2478">
     <span class='ocr_line' id='line_1_25' title="bbox 216 1993 1665 2046; baseline 0 -12"><span class='ocrx_word' id='word_1_169' title='bbox 216 1994 355 2046; x_wconf 84' lang='lat' dir='ltr'>Pergo</span> <span class='ocrx_word' id='word_1_170' title='bbox 388 1994 443 2035; x_wconf 89' lang='lat' dir='ltr'>ad</span> <span class='ocrx_word' id='word_1_171' title='bbox 474 1993 592 2044; x_wconf 84' lang='lat' dir='ltr'>alios,</span> <span class='ocrx_word' id='word_1_172' title='bbox 625 1995 753 2036; x_wconf 86' lang='lat' dir='ltr'>uenio</span> <span class='ocrx_word' id='word_1_173' title='bbox 785 1994 840 2036; x_wconf 84' lang='lat' dir='ltr'>ad</span> <span class='ocrx_word' id='word_1_174' title='bbox 873 1994 996 2044; x_wconf 87' lang='lat' dir='ltr'>alios,</span> <span class='ocrx_word' id='word_1_175' title='bbox 1030 1994 1185 2035; x_wconf 88' lang='lat' dir='ltr'>deinde</span> <span class='ocrx_word' id='word_1_176' title='bbox 1217 1993 1273 2035; x_wconf 82' lang='lat' dir='ltr'>ad</span> <span class='ocrx_word' id='word_1_177' title='bbox 1303 1994 1434 2045; x_wconf 81' lang='lat' dir='ltr'>alios·,</span> <span class='ocrx_word' id='word_1_178' title='bbox 1466 2008 1552 2036; x_wconf 89' lang='lat' dir='ltr'>una</span> <span class='ocrx_word' id='word_1_179' title='bbox 1583 2007 1665 2035; x_wconf 84' lang='lat' dir='ltr'>res.</span> 
     </span>
     <span class='ocr_line' id='line_1_26' title="bbox 218 2065 1644 2120; baseline -0.001 -14"><span class='ocrx_word' id='word_1_180' title='bbox 218 2065 378 2107; x_wconf 85' lang='lat' dir='ltr'>Omnes</span> <span class='ocrx_word' id='word_1_181' title='bbox 412 2066 460 2106; x_wconf 79' lang='lat' dir='ltr'>cle</span> <span class='ocrx_word' id='word_1_182' title='bbox 491 2070 699 2119; x_wconf 88' lang='lat' dir='ltr'>conpecto</span> <span class='ocrx_word' id='word_1_183' title='bbox 731 2080 822 2107; x_wconf 88' lang='lat' dir='ltr'>rem</span> <span class='ocrx_word' id='word_1_184' title='bbox 854 2071 999 2119; x_wconf 85' lang='lat' dir='ltr'>agunt,</span> <span class='ocrx_word' id='word_1_185' title='bbox 1032 2066 1156 2120; x_wconf 86' lang='lat' dir='ltr'>quasi</span> <span class='ocrx_word' id='word_1_186' title='bbox 1186 2066 1231 2106; x_wconf 91' lang='lat' dir='ltr'>in</span> <span class='ocrx_word' id='word_1_187' title='bbox 1262 2065 1449 2107; x_wconf 87' lang='lat' dir='ltr'>Uelabro</span> <span class='ocrx_word' id='word_1_188' title='bbox 1482 2065 1644 2107; x_wconf 85' lang='lat' dir='ltr'>olearii.</span> 
     </span>
     <span class='ocr_line' id='line_1_27' title="bbox 219 2132 1578 2190; baseline 0 -12"><span class='ocrx_word' id='word_1_189' title='bbox 219 2136 362 2189; x_wconf 79' lang='lat' dir='ltr'>[Nunc</span> <span class='ocrx_word' id='word_1_190' title='bbox 393 2132 524 2178; x_wconf 82' lang='lat' dir='ltr'>redeo</span> <span class='ocrx_word' id='word_1_191' title='bbox 556 2137 667 2188; x_wconf 86' lang='lat' dir='ltr'>inde,</span> <span class='ocrx_word' id='word_1_192' title='bbox 700 2138 903 2190; x_wconf 86' lang='lat' dir='ltr'>quoniam</span> <span class='ocrx_word' id='word_1_193' title='bbox 934 2151 1000 2179; x_wconf 88' lang='lat' dir='ltr'>me</span> <span class='ocrx_word' id='word_1_194' title='bbox 1032 2137 1094 2179; x_wconf 91' lang='lat' dir='ltr'>ibi</span> <span class='ocrx_word' id='word_1_195' title='bbox 1123 2138 1251 2179; x_wconf 88' lang='lat' dir='ltr'>uideo</span> <span class='ocrx_word' id='word_1_196' title='bbox 1283 2136 1578 2190; x_wconf 65' lang='lat' dir='ltr'>ludificarier]</span> 
     </span>
     <span class='ocr_line' id='line_1_28' title="bbox 217 2208 1714 2263; baseline 0.002 -13"><span class='ocrx_word' id='word_1_197' title='bbox 217 2208 326 2250; x_wconf 86' lang='lat' dir='ltr'>Item</span> <span class='ocrx_word' id='word_1_198' title='bbox 358 2209 432 2250; x_wconf 88' lang='lat' dir='ltr'>alii</span> <span class='ocrx_word' id='word_1_199' title='bbox 463 2209 647 2263; x_wconf 89' lang='lat' dir='ltr'>parasiti</span> <span class='ocrx_word' id='word_1_200' title='bbox 677 2208 842 2251; x_wconf 87' lang='lat' dir='ltr'>frustra</span> <span class='ocrx_word' id='word_1_201' title='bbox 874 2209 1215 2251; x_wconf 85' lang='lat' dir='ltr'>obambulabant</span> <span class='ocrx_word' id='word_1_202' title='bbox 1244 2210 1288 2251; x_wconf 91' lang='lat' dir='ltr'>in</span> <span class='ocrx_word' id='word_1_203' title='bbox 1318 2209 1425 2251; x_wconf 85' lang='lat' dir='ltr'>foro.</span> <span class='ocrx_word' id='word_1_204' title='bbox 1645 2220 1714 2253; x_wconf 86' lang='lat'>490</span> 
     </span>
     <span class='ocr_line' id='line_1_29' title="bbox 218 2280 1643 2335; baseline 0.001 -14"><span class='ocrx_word' id='word_1_205' title='bbox 218 2280 341 2322; x_wconf 78' lang='lat' dir='ltr'>Nunc</span> <span class='ocrx_word' id='word_1_206' title='bbox 371 2280 605 2322; x_wconf 89' lang='lat' dir='ltr'>barbarica</span> <span class='ocrx_word' id='word_1_207' title='bbox 635 2280 729 2334; x_wconf 86' lang='lat' dir='ltr'>lege</span> <span class='ocrx_word' id='word_1_208' title='bbox 762 2286 973 2323; x_wconf 87' lang='lat' dir='ltr'>certumst</span> <span class='ocrx_word' id='word_1_209' title='bbox 1002 2282 1069 2323; x_wconf 90' lang='lat' dir='ltr'>ius</span> <span class='ocrx_word' id='word_1_210' title='bbox 1101 2296 1244 2323; x_wconf 90' lang='lat' dir='ltr'>meum</span> <span class='ocrx_word' id='word_1_211' title='bbox 1276 2295 1398 2323; x_wconf 91' lang='lat' dir='ltr'>omne</span> <span class='ocrx_word' id='word_1_212' title='bbox 1432 2281 1643 2335; x_wconf 87' lang='lat' dir='ltr'>persequi.</span> 
     </span>
     <span class='ocr_line' id='line_1_30' title="bbox 220 2352 1670 2408; baseline 0 -15"><span class='ocrx_word' id='word_1_213' title='bbox 220 2353 302 2403; x_wconf 81' lang='lat' dir='ltr'>Qui</span> <span class='ocrx_word' id='word_1_214' title='bbox 333 2352 559 2394; x_wconf 88' lang='lat' dir='ltr'>consilium</span> <span class='ocrx_word' id='word_1_215' title='bbox 590 2353 736 2404; x_wconf 85' lang='lat' dir='ltr'>iniere,</span> <span class='ocrx_word' id='word_1_216' title='bbox 768 2367 852 2406; x_wconf 88' lang='lat' dir='ltr'>quo</span> <span class='ocrx_word' id='word_1_217' title='bbox 884 2368 962 2395; x_wconf 84' lang='lat' dir='ltr'>nos</span> <span class='ocrx_word' id='word_1_218' title='bbox 994 2355 1113 2395; x_wconf 87' lang='lat' dir='ltr'>uictu</span> <span class='ocrx_word' id='word_1_219' title='bbox 1145 2359 1188 2395; x_wconf 89' lang='lat' dir='ltr'>et</span> <span class='ocrx_word' id='word_1_220' title='bbox 1217 2354 1310 2395; x_wconf 87' lang='lat' dir='ltr'>uita</span> <span class='ocrx_word' id='word_1_221' title='bbox 1341 2352 1612 2408; x_wconf 88' lang='lat' dir='ltr'>prohibeant,</span> <span class='ocrx_word' id='word_1_222' title='bbox 1665 2384 1670 2389; x_wconf 91' lang='lat'><strong>.</strong></span> 
     </span>
     <span class='ocr_line' id='line_1_31' title="bbox 217 2424 1618 2478; baseline 0.001 -13"><span class='ocrx_word' id='word_1_223' title='bbox 217 2424 258 2465; x_wconf 84' lang='lat' dir='ltr'>Is</span> <span class='ocrx_word' id='word_1_224' title='bbox 291 2424 405 2466; x_wconf 86' lang='lat' dir='ltr'>diem</span> <span class='ocrx_word' id='word_1_225' title='bbox 438 2424 591 2474; x_wconf 86' lang='lat' dir='ltr'>dicam,</span> <span class='ocrx_word' id='word_1_226' title='bbox 623 2425 832 2478; x_wconf 88' lang='lat' dir='ltr'>inrogabo</span> <span class='ocrx_word' id='word_1_227' title='bbox 865 2425 1058 2475; x_wconf 86' lang='lat' dir='ltr'>multam,</span> <span class='ocrx_word' id='word_1_228' title='bbox 1090 2431 1139 2468; x_wconf 89' lang='lat' dir='ltr'>ut</span> <span class='ocrx_word' id='word_1_229' title='bbox 1170 2425 1275 2466; x_wconf 84' lang='lat' dir='ltr'>mihi</span> <span class='ocrx_word' id='word_1_230' title='bbox 1307 2439 1434 2467; x_wconf 87' lang='lat' dir='ltr'>cenas</span> <span class='ocrx_word' id='word_1_231' title='bbox 1468 2425 1618 2466; x_wconf 88' lang='lat' dir='ltr'>decem</span> 
     </span>
    </p>
   </div>
   <div class='ocr_carea' id='block_1_5' title="bbox 333 2555 523 2559">
    <p class='ocr_par' dir='ltr' id='par_1_21' title="bbox 333 2555 523 2559">
     <span class='ocr_line' id='line_1_32' title="bbox 333 2555 523 2559; baseline 0 0"><span class='ocrx_word' id='word_1_232' title='bbox 333 2555 523 2559; x_wconf 95' lang='lat' dir='ltr'> </span> 
     </span>
    </p>
   </div>
   <div class='ocr_carea' id='block_1_6' title="bbox 220 2623 1712 2724">
    <p class='ocr_par' dir='ltr' id='par_1_22' title="bbox 220 2623 1712 2724">
     <span class='ocr_line' id='line_1_33' title="bbox 309 2623 1711 2670; baseline 0.001 -13"><span class='ocrx_word' id='word_1_233' title='bbox 309 2625 377 2658; x_wconf 76' lang='grc'>467</span> <span class='ocrx_word' id='word_1_234' title='bbox 401 2624 531 2667; x_wconf 85' lang='lat' dir='ltr'>Itaque</span> <span class='ocrx_word' id='word_1_235' title='bbox 602 2624 668 2658; x_wconf 85' lang='lat'>469</span> <span class='ocrx_word' id='word_1_236' title='bbox 693 2623 896 2668; x_wconf 87' lang='lat' dir='ltr'>inopesque</span> <span class='ocrx_word' id='word_1_237' title='bbox 923 2625 967 2659; x_wconf 84' lang='lat' dir='ltr'>ab</span> <span class='ocrx_word' id='word_1_238' title='bbox 994 2636 1072 2658; x_wconf 87' lang='lat' dir='ltr'>sese</span> <span class='ocrx_word' id='word_1_239' title='bbox 1100 2630 1272 2670; x_wconf 85' lang='lat' dir='ltr'>segregat</span> <span class='ocrx_word' id='word_1_240' title='bbox 1341 2626 1408 2658; x_wconf 83' lang='lat'>472</span> <span class='ocrx_word' id='word_1_241' title='bbox 1432 2625 1591 2659; x_wconf 85' lang='lat' dir='ltr'>libenter</span> <span class='ocrx_word' id='word_1_242' title='bbox 1616 2635 1711 2659; x_wconf 89' lang='lat' dir='ltr'>com-</span> 
     </span>
     <span class='ocr_line' id='line_1_34' title="bbox 220 2680 1712 2724; baseline 0 -9"><span class='ocrx_word' id='word_1_243' title='bbox 220 2680 363 2715; x_wconf 85' lang='lat' dir='ltr'>ederint</span> <span class='ocrx_word' id='word_1_244' title='bbox 445 2682 511 2715; x_wconf 81' lang='lat'>475</span> <span class='ocrx_word' id='word_1_245' title='bbox 537 2683 802 2724; x_wconf 82' lang='lat' dir='ltr'>contempnant</span> <span class='ocrx_word' id='word_1_246' title='bbox 883 2682 949 2715; x_wconf 85' lang='grc'>476</span> <span class='ocrx_word' id='word_1_247' title='bbox 973 2690 1049 2715; x_wconf 84' lang='lat' dir='ltr'>tam</span> <span class='ocrx_word' id='word_1_248' title='bbox 1073 2682 1237 2716; x_wconf 84' lang='lat' dir='ltr'>terrunci</span> <span class='ocrx_word' id='word_1_249' title='bbox 1313 2683 1381 2715; x_wconf 87' lang='grc'>477</span> <span class='ocrx_word' id='word_1_250' title='bbox 1407 2692 1474 2724; x_wconf 85' lang='lat' dir='ltr'>ego</span> <span class='ocrx_word' id='word_1_251' title='bbox 1501 2691 1566 2716; x_wconf 81' lang='lat' dir='ltr'>om.</span> <span class='ocrx_word' id='word_1_252' title='bbox 1644 2682 1712 2715; x_wconf 88' lang='grc'>478</span> 
     </span>
    </p>
   </div>
   <div class='ocr_carea' id='block_1_7' title="bbox 219 2736 1709 2829">
    <p class='ocr_par' dir='ltr' id='par_1_23' title="bbox 219 2736 1709 2829">
     <span class='ocr_line' id='line_1_35' title="bbox 219 2736 1709 2782; baseline 0 -11"><span class='ocrx_word' id='word_1_253' title='bbox 219 2749 290 2772; x_wconf 87' lang='lat' dir='ltr'>una</span> <span class='ocrx_word' id='word_1_254' title='bbox 315 2738 465 2782; x_wconf 86' lang='lat' dir='ltr'>inquam</span> <span class='ocrx_word' id='word_1_255' title='bbox 492 2737 539 2770; x_wconf 86' lang='lat' dir='ltr'>ad</span> <span class='ocrx_word' id='word_1_256' title='bbox 618 2738 685 2771; x_wconf 82' lang='lat'>483</span> <span class='ocrx_word' id='word_1_257' title='bbox 710 2741 904 2781; x_wconf 85' lang='lat' dir='ltr'>compacto</span> <span class='ocrx_word' id='word_1_258' title='bbox 993 2739 1059 2772; x_wconf 83' lang='grc'>488</span> <span class='ocrx_word' id='word_1_259' title='bbox 1085 2736 1220 2772; x_wconf 85' lang='lat' dir='ltr'>Omnes</span> <span class='ocrx_word' id='word_1_260' title='bbox 1247 2741 1442 2782; x_wconf 84' lang='lat' dir='ltr'>compacto</span> <span class='ocrx_word' id='word_1_261' title='bbox 1531 2738 1597 2772; x_wconf 79' lang='lat'>492</span> <span class='ocrx_word' id='word_1_262' title='bbox 1623 2748 1709 2771; x_wconf 92' lang='lat' dir='ltr'>con-</span> 
     </span>
     <span class='ocr_line' id='line_1_36' title="bbox 220 2793 592 2829; baseline 0 -2"><span class='ocrx_word' id='word_1_263' title='bbox 220 2794 340 2828; x_wconf 35' lang='lat' dir='ltr'>cilius]</span> <span class='ocrx_word' id='word_1_264' title='bbox 437 2795 503 2829; x_wconf 83' lang='lat'>493</span> <span class='ocrx_word' id='word_1_265' title='bbox 527 2793 592 2828; x_wconf 86' lang='lat' dir='ltr'>His</span> 
     </span>
    </p>
   </div>
  </div>
 </body>
</html>
