1897 3171
765 180 807 214 V.
836 181 1025 214 624—639.
1556 182 1635 220 345

155 312 246 350 595.
284 310 406 348 Poen.
427 310 546 348 1038.
578 309 684 347 Pers.
704 310 798 347 795.
832 308 940 346 Trin.
961 308 1024 346 66.
1072 308 1228 346 Trucul.
1248 309 1341 346 848.
1374 308 1460 346 Ter.
1478 307 1636 346 Phorm.

154 380 246 417 223.
293 378 386 417 Hor.
406 377 484 415 Sat..
501 375 552 425 ΙΙ,
580 379 616 424 7,
642 378 716 415 43:
752 376 887 424 „aufer
909 389 970 414 me
997 376 1108 413 vultu
1132 375 1322 414 terrere“.
1354 395 1409 400 —
1442 377 1534 414 631.
1568 385 1638 425 eyo

150 447 229 485 iam
264 447 306 484 in
344 445 457 484 codd.
497 445 760 483 emendatum.
820 445 922 482 Ante
961 440 1160 494 quicquid
1203 457 1322 493 quum
1370 445 1452 481 sine
1498 444 1639 481 idonea

152 528 269 553 causa
286 515 456 564 spatium
480 527 646 551 vacuum
670 513 852 550 relictum
879 515 993 559 esset,
1020 512 1243 550 rubricator
1268 511 1412 549 codicis
1437 512 1467 548 B
1484 512 1639 549 Euclio-

150 584 211 620 nis
243 596 385 620 nomen
409 583 589 620 inseruit.
606 601 662 606 —
680 582 773 619 632.
798 580 950 618 Nonius
974 594 1012 630 p.
1033 581 1134 618 396:
1157 576 1352 627 „Sumere
1376 584 1433 617 est
1449 582 1637 629 accipere,

149 649 327 698 tollere“,
361 650 482 700 paulo
499 654 590 700 post
615 649 653 687 h.
670 663 706 687 v.
732 651 787 686 sic
811 652 1039 697 corruptum
1067 647 1198 685 affert:
1235 661 1338 695 „non
1363 648 1542 697 equidem
1568 660 1640 696 ego

151 733 228 769 qua
264 719 470 768 uoluptate
509 719 627 755 sumsi
666 729 793 766 neque
822 713 977 766 tetigi“.
1009 737 1063 742 —
1097 717 1189 754 633.
1236 711 1319 753 Em
1350 729 1384 753 v.
1418 715 1467 753 ad
1498 716 1639 766 Amph.

152 789 247 825 771.
280 783 439 825 ostendi
469 785 504 823 D
535 790 575 823 et
604 786 635 833 I,
669 788 760 823 cett.
796 783 1029 833 „ostendo“;
1063 784 1110 822 de
1140 784 1318 834 perfecto
1351 784 1398 821 cf.
1426 783 1475 820 ad
1499 784 1639 833 Amph.

152 857 216 895 52.
267 854 384 906 Epid.
428 855 506 892 672
546 855 712 902 legitur:
770 853 954 900 „Uincire
999 849 1091 891 uis‘?
1140 865 1221 898 em,
1262 851 1425 889 ostendo
1462 849 1640 889 manus“.

150 922 308 961 Gruter.
349 926 389 960 et
425 924 688 972 posteriorum
732 921 911 971 plerique
955 922 1009 958 sic
1056 920 1329 968 distinguunt:
1396 919 1527 966 „STR.
1568 919 1641 956 Em

148 991 234 1029 tibi.
289 990 372 1029 EU.
405 990 587 1029 Ostende.
645 989 751 1028 STR.
784 987 946 1027 Eccas“.
979 1009 1035 1014 —
1068 986 1250 1035 tertium,
1291 988 1480 1034 ridicule3
1526 988 1641 1025 homo

151 1060 390 1109 suspiciosus
445 1072 657 1108 numquam
709 1061 910 1095 contentus
969 1061 1047 1103 est,
1113 1057 1289 1106 quamvis
1342 1059 1520 1105 apertum
1577 1056 1640 1103 sit,

151 1126 362 1165 Strobilum
392 1127 491 1164 nihil
521 1126 678 1164 habere.
703 1146 758 1152 —
786 1126 878 1163 634.
911 1121 1088 1171 Laruae,
1121 1138 1156 1162 v,
1175 1124 1317 1174 Amph.
1344 1125 1437 1162 770.
1501 1121 1643 1162 &ntem-

145 1193 299 1246 periae,
325 1208 445 1245 supra
469 1196 533 1233 71.
552 1214 607 1219 ——
626 1196 717 1232 635.
751 1189 928 1232 Facisne
953 1190 1053 1231 mihi
1076 1190 1294 1238 ἱῃίνινεῗαφης
1326 1206 1463 1229 versus
1485 1193 1644 1240 longior

149 1264 329 1311 videtur:
374 1263 493 1301 Weis.
523 1260 682 1310 „mihi“,
716 1261 856 1310 Wa-gn.
894 1260 1086 1308 „Fateor“
1123 1261 1197 1299 del.
1264 1260 1363 1297 Mihi
1394 1262 1517 1310 magis
1552 1273 1642 1310 pro-

150 1332 269 1370 batur
299 1331 433 1369 Bothii
462 1332 596 1368 lectio:
635 1330 781 1377 „Facin
812 1331 865 1367 mi
896 1327 1121 1367 iniuriam“.
1147 1349 1203 1354 —
1233 1328 1372 1366 Euclio
1405 1328 1642 1378 respondet:

155 1400 358 1447 „Profecto
398 1400 605 1437 maximam
643 1398 717 1436 tibi
758 1399 944 1436 iniuriam
983 1399 1102 1444 facio,
1145 1397 1250 1447 quod
1281 1401 1321 1434 te
1352 1396 1524 1433 nondum
1557 1410 1642 1434 sus-

149 1468 288 1518 pendi,
330 1472 374 1505 ut
411 1463 718 1513 verbe1·a1·eris“,
760 1467 805 1504 cf.
847 1467 896 1503 ad
927 1467 1036 1504 Asin.
1073 1467 1165 1503 297.
1198 1486 1253 1490 —
1287 1466 1379 1503 638.
1423 1461 1534 1503 Nive
1563 1496 1569 1502 .
1600 1495 1607 1502 .
1635 1495 1642 1502 .

150 1532 307 1582 uellem,
340 1538 365 1573 i.
393 1549 424 1574 e.
462 1535 548 1583 „vel
578 1536 711 1584 potius
743 1534 782 1571 di
813 1548 872 1571 me
904 1534 1092 1584 perdant,
1125 1535 1201 1571 nisi
1231 1533 1482 1570 vehementer
1513 1533 1641 1580 doleo,

152 1603 257 1654 quod
288 1603 389 1641 nihil
422 1601 618 1650 abstuli“;
650 1617 738 1639 nam
770 1616 888 1652 quum
919 1615 960 1639 se
992 1603 1090 1639 nihil
1115 1602 1322 1639 abstulisse
1347 1601 1526 1648 affirmet,
1559 1605 1643 1638 tum

150 1672 192 1710 id
223 1672 352 1709 dicere
386 1657 531 1718 studet,
566 1671 670 1720 quod
702 1670 838 1708 Euclio
872 1683 974 1718 aegre
1006 1671 1122 1707 ferat.
1190 1669 1282 1706 Haec
1312 1669 1443 1715 verba,
1487 1682 1572 1718 quae
1603 1670 1644 1706 iu

152 1739 263 1778 codd.
296 1740 477 1777 Euclioni
508 1739 755 1786 tribuuntur,
803 1738 965 1776 Strobili
997 1752 1080 1775 esse
1112 1738 1312 1774 intellexit
1342 1737 1525 1783 Bothius,
1574 1737 1642 1774 sed

152 1811 270 1855 errat,
313 1807 419 1857 quod
457 1821 542 1844 eum
575 1820 704 1844 secum
738 1807 820 1844 haec
850 1807 958 1855 loqui
989 1810 1119 1856 putat.
1194 1805 1290 1842 Post
1326 1802 1475 1842 uellem
1511 1805 1643 1842 hiatus

150 1877 191 1913 in
222 1875 393 1922 diaeresi3
424 1875 580 1912 Miiller.
617 1873 724 1921 „me“
767 1874 950 1911 addebat.
986 1895 1034 1899 —
1070 1875 1162 1912 639.
1212 1870 1298 1911 Tuo
1331 1870 1556 1919 arbitratu,
1599 1876 1644 1910 ut

150 1944 225 1981 tibi
255 1944 405 1994 placet,
438 1943 486 1981 cf.
520 1944 613 1981 646.
670 1942 807 1980 Bacch.
842 1943 933 1980 871.
991 1942 1099 1980 Asin.
1135 1943 1227 1980 326.
1282 1942 1423 1980 Pseud.
1458 1943 1549 1979 665.
1589 1961 1644 1966 —

151 2008 314 2050 tunicas
350 2025 385 2050 V.
419 2012 469 2049 ad
498 2011 641 2061 Amph.
677 2012 768 2048 364.
815 2010 906 2048 Haec
938 2011 1051 2048 Both.
1085 2010 1228 2057 Weis.,
1271 2011 1382 2060 quasi
1420 2011 1645 2058 interrupta

151 2078 311 2117 Strobili
349 2079 479 2117 verbis
509 2080 726 2125 sententia,
775 2092 861 2116 cum
902 2078 1223 2116 antecedentibus
1262 2079 1449 2128 iungunt:
1495 2077 1644 2114 Excute

150 2147 332 2196 pallium,
375 2178 382 2185 .
411 2178 418 2185 .
446 2178 453 2185 .
495 2161 541 2184 ne
573 2148 736 2193 habeas3
780 2146 846 2183 sed
886 2147 982 2183 nihil
1014 2147 1191 2196 impedit,
1234 2159 1312 2195 quo
1352 2147 1480 2183 minus
1527 2146 1644 2182 etiam

154 2228 314 2253 excusso
344 2216 464 2266 pallio
493 2216 599 2252 inter
628 2217 781 2252 tunicas
814 2214 964 2264 aliquid
996 2215 1155 2252 celetur.
1201 2215 1324 2251 Immo
1348 2224 1398 2252 ne
1424 2217 1482 2250 est
1504 2212 1644 2259 „modo

150 2280 226 2320 ne“
260 2296 470 2333 suppressa
501 2297 579 2320 non
611 2283 774 2332 optandi
807 2282 875 2319 sed
907 2283 1067 2320 verendi
1099 2285 1269 2329 notione,
1303 2283 1349 2320 cf.
1383 2281 1459 2319 Cic.
1486 2281 1572 2317 Fin.
1598 2280 1642 2327 V,

155 2352 189 2396 3,
225 2352 268 2388 8:
319 2350 418 2398 „Sed
450 2364 517 2397 ne,
567 2351 656 2388 dum
688 2351 779 2388 huic
809 2351 1023 2400 obsequor,
1064 2351 1175 2388 vobis
1212 2351 1398 2387 molestus
1430 2346 1548 2393 sim“;
1596 2347 1645 2384 ad

153 2431 267 2468 quem
299 2419 426 2456 locum
451 2419 674 2467 Madvigius
700 2419 851 2456 confert
875 2419 961 2457 Ter.
987 2419 1086 2456 Eun.
1119 2421 1217 2457 183:
1268 2418 1437 2465 „Uerum
1468 2430 1516 2452 ne
1548 2415 1645 2452 fiant

153 2487 221 2523 isti
251 2487 395 2534 uiginti
428 2484 550 2525 dies“.
606 2487 747 2524 Heaut.
778 2489 878 2524 617:
922 2488 999 2535 „At
1030 2494 1074 2524 ut
1105 2489 1201 2524 satis
1235 2486 1499 2534 contemplata
1530 2483 1644 2520 modo

153 2552 246 2591 sis‘⁴.
308 2555 382 2592 Ad.
427 2556 528 2593 835:
580 2555 662 2602 „Ne
694 2556 857 2592 nimium
888 2555 1004 2593 modo
1038 2585 1045 2593 .
1067 2585 1074 2592 .
1094 2585 1101 2592 .
1134 2568 1203 2591 nos
1239 2584 1246 2591 .
1267 2583 1274 2590 .
1295 2583 1302 2591 .
1335 2557 1425 2589 tuus
1457 2553 1531 2588 iste
1563 2552 1644 2588 ani-

153 2634 238 2658 mus
270 2635 414 2671 aequos
445 2622 691 2660 subuortat‘&
752 2623 882 2661 Plaut.
916 2623 1036 2661 Stich.
1065 2624 1165 2660 600:
1202 2622 1279 2667 „At
1309 2621 1376 2657 ille
1407 2634 1454 2656 ne
1486 2632 1645 2656 suscen-

153 2687 278 2726 seat“.
350 2690 468 2728 Most.
512 2693 611 2729 907:
670 2692 746 2738 „At
792 2693 895 2728 enim
935 2705 981 2728 ne
1023 2691 1116 2739 quid
1156 2690 1327 2738 captioni
1366 2688 1459 2724 mihi
1499 2689 1565 2733 sit,
1613 2687 1646 2723 si

154 2754 332 2794 dederim
365 2757 477 2796 tibi“.
540 2759 628 2796 add.
655 2759 761 2797 Pers.
783 2760 883 2797 540:
920 2759 1001 2806 „Ne
1035 2759 1120 2808 quis
1150 2770 1246 2793 uero
1279 2769 1326 2792 ex
1356 2755 1505 2792 Arabia
1535 2756 1644 2804 peni-
