1897 3171
252 179 333 218 368
890 174 1102 210 Bacchides.

251 312 295 342 ut
339 305 438 341 hanc
477 305 682 354 pecuniam
718 304 819 341 ¹hero
851 317 920 341 suo
960 307 1178 354 comparet,
1225 303 1417 340 Nicobulo
1463 305 1546 340 seni
1590 308 1737 350 narrat,

251 373 375 409 filium
409 373 494 409 eius
518 385 677 420 parvam
703 372 873 422 aliquam
905 373 1080 422 pecuniae
1112 377 1265 420 partem
1296 385 1422 408 secum
1445 372 1558 418 ferre,
1585 372 1737 420 reliqua

251 440 398 490 Ephesi
424 440 647 488 relinquere
679 444 855 476 coactum
887 453 981 477 esse.
1042 439 1203 476 Interim
1229 439 1362 488 Lydus
1386 439 1621 489 paedagogus
1645 440 1736 476 Phi-

253 509 392 545 loxeno
420 507 624 544 Pistocleri
656 509 762 556 patri
796 507 945 545 indicat
974 507 1096 544 filium
1129 508 1210 543 eius
1235 506 1469 544 Bacchidem
1494 510 1738 545 meretricem

251 576 407 625 perdite
439 588 584 612 amare.
632 575 744 621 Quod
775 575 843 611 ubi
876 589 965 612 casu
997 575 1106 612 audit
1129 574 1407 621 Mnesilochus,
1441 588 1549 611 suam
1579 576 1735 613 Bacchi-

253 644 339 680 dem
370 643 630 680 Pistoclerum
673 656 801 679 amare
833 642 1013 688 credens,
1062 646 1098 679 et
1132 643 1245 679 amici
1284 646 1320 679 et
1361 643 1492 679 amicae
1530 643 1735 692 perfidiam

252 713 427 759 graviter
459 711 636 760 culpans,
685 724 802 760 quum
840 709 939 746 nihil
976 710 1050 746 iam
1090 722 1185 759 opus
1225 723 1308 746 esse
1339 713 1452 759 putet
1485 723 1529 747 ea
1560 712 1735 760 pecunia,

252 793 367 829 quam
408 792 541 816 servus
581 781 844 828 comparavit,
890 782 1013 814 totam
1053 791 1240 814 summam
1284 779 1389 827 patri
1426 778 1568 816 reddit.
1630 779 1734 825 Mox,

249 852 460 897 postquam
503 848 631 896 ipsum
671 846 927 883 Pistoclerum
971 846 1170 892 convenit,
1220 846 1378 882 meliora
1426 846 1605 892 edoctus,
1653 861 1735 883 sera

249 917 480 966 paenitentia
512 915 721 951 stultitiam
761 927 867 951 suam
901 916 1067 950 accusat.
1144 912 1351 962 Chrysalus
1392 918 1518 950 autem
1559 928 1599 950 re
1639 928 1737 951 com-

249 988 363 1032 perta
394 985 505 1021 novis
537 983 689 1020 insidiis
721 983 862 1018 iterum
895 981 1055 1018 eandem
1089 985 1206 1030 atque
1232 981 1327 1018 adeo
1353 983 1537 1018 maiorem
1564 985 1735 1032 pecuniae

250 1065 437 1088 summam
469 1052 551 1088 seni
584 1053 738 1100 eripere
770 1053 945 1087 conatur.
1006 1049 1289 1086 Mnesilochum
1322 1050 1432 1086 iubet
1462 1052 1566 1099 patri
1593 1052 1734 1099 episto-

255 1120 332 1156 lam
364 1120 555 1165 scribere,
604 1132 680 1167 qua
720 1132 758 1155 se
800 1121 953 1154 accuset
996 1119 1107 1166 quasi
1146 1131 1242 1154 auro
1282 1117 1436 1154 reddito
1467 1119 1609 1155 iratum
1641 1132 1736 1155 sem-

252 1201 400 1238 perque
439 1200 539 1224 nova
581 1187 745 1224 consilia
792 1190 1025 1232 struentem,
1073 1185 1215 1234 quibus
1262 1199 1390 1222 senem
1437 1187 1736 1232 ci1·cu1m·e11iat;

254 1270 373 1305 quare
397 1257 573 1292 vinctum
600 1268 684 1291 eum
712 1256 839 1291 teneri
864 1258 1061 1303 oportere.
1109 1253 1190 1299 Qua
1217 1254 1381 1302 epistola
1407 1254 1598 1290 adductus
1619 1267 1735 1301 quum

252 1324 470 1361 Nicobulus
510 1323 738 1371 Chrysalum
771 1323 918 1359 vincire
957 1326 995 1358 et
1032 1322 1170 1371 punire
1212 1322 1484 1371 aggrediatur,
1527 1321 1737 1369 Chrysalus

250 1392 501 1442 impudenter
543 1391 730 1437 affirmat,
779 1390 862 1426 fore
901 1394 943 1426 ut
986 1389 1093 1426 brevi
1141 1402 1225 1426 eum
1273 1391 1462 1439 paeniteat
1503 1394 1557 1436 et,
1606 1403 1735 1439 quum,

251 1461 376 1509 qualis
407 1459 510 1496 filius
545 1472 635 1497 suus
666 1472 707 1495 re
739 1472 832 1495 vera
863 1459 925 1504 sit,
957 1458 1224 1506 perspexerit,
1264 1459 1393 1506 magni
1426 1471 1511 1494 eum
1543 1457 1735 1494 facturum

251 1541 344 1574 esse,
378 1529 409 1564 si
442 1528 532 1564 data
561 1528 724 1577 pecunia
756 1525 878 1563 filium
902 1526 1013 1573 gravi
1036 1526 1210 1574 periculo
1236 1526 1401 1562 eximere
1425 1527 1560 1574 possit.
1607 1527 1736 1575 Atque

251 1597 397 1645 apertis
439 1595 589 1633 foribus
629 1600 741 1645 pater
782 1593 903 1631 filium
947 1607 1030 1630 cum
1069 1595 1274 1630 meretrice
1323 1594 1574 1631 accubantem
1615 1594 1734 1639 videt,

251 1664 459 1712 Chrysalus
491 1668 620 1701 autem
652 1677 729 1700 non
761 1663 1017 1708 meretricem,
1059 1661 1127 1697 sed
1159 1675 1317 1699 uxorem
1351 1661 1570 1699 Cleomachi
1601 1662 1736 1699 militis

250 1745 332 1769 esse
364 1736 517 1778 narrat,
553 1735 589 1768 et
621 1735 843 1781 opportune
874 1732 957 1780 ipse
987 1730 1098 1767 miles
1131 1729 1289 1767 advenit
1320 1730 1525 1767 maledicta
1556 1732 1596 1766 in
1628 1730 1735 1767 Mne-

250 1800 438 1837 silochum
470 1801 664 1847 ingerens.
725 1799 863 1848 Itaque
895 1798 1107 1836 Nicobulus
1141 1798 1370 1847 Chrysalum
1401 1799 1564 1835 vinculis
1596 1799 1734 1844 solvit3

250 1869 281 1904 is
309 1871 437 1905 autem
465 1881 486 1904 a
510 1867 740 1904 Cleomacho
780 1868 890 1917 quasi
913 1867 1045 1915 magni
1074 1866 1223 1915 aliquid
1254 1867 1449 1915 impetrat,
1481 1872 1524 1903 ut
1558 1867 1735 1903 ducentis

251 1936 446 1985 Philippis
486 1937 655 1984 acceptis
696 1935 743 1972 ab
783 1932 925 1972 iniuria
966 1934 1187 1971 ulciscenda
1230 1934 1406 1971 desistat.
1481 1934 1558 1971 Nec
1591 1934 1735 1983 duplici

250 2003 451 2052 triumpho
499 2007 705 2040 contentus
745 2003 954 2051 Chrysalus
993 2003 1150 2039 tertium
1190 2001 1316 2049 addit,
1362 2015 1540 2052 novoque
1578 2003 1735 2039 nomine

251 2072 396 2108 alteros
429 2071 620 2108 ducentos
652 2071 856 2120 Philippos
888 2071 969 2107 seni
1003 2070 1153 2115 aufert,
1201 2072 1314 2120 quasi
1343 2070 1606 2107 Mnesilochus
1638 2070 1736 2106 hanc

250 2152 440 2175 summam
471 2139 627 2175 mulieri
659 2140 811 2175 iuratus
842 2139 1079 2188 promiserit.
1165 2138 1336 2175 Tandem
1369 2140 1471 2175 omni
1502 2152 1543 2175 re
1586 2139 1735 2175 detecta

249 2207 465 2244 Nicobulus
505 2211 543 2243 et
582 2220 659 2243 una.
698 2219 783 2243 cum
824 2220 867 2243 eo
904 2206 1161 2254 Philoxenus,
1204 2210 1247 2243 ut
1286 2206 1386 2244 filios
1425 2221 1447 2244 a
1477 2206 1735 2244 Bacchidibus

251 2275 492 2321 abstrahant,
527 2275 566 2311 in
599 2287 729 2310 earum
761 2274 863 2310 aedes
890 2275 1133 2323 irrumpunt3
1167 2274 1234 2311 sed
1266 2276 1489 2312 meretrices
1521 2276 1736 2312 levissimos

252 2356 362 2379 senes
402 2343 571 2391 primum
610 2342 800 2388 illudunt,
843 2342 983 2379 deinde
1016 2343 1095 2379 suis
1128 2342 1278 2379 artibus
1308 2344 1364 2379 ita
1395 2342 1580 2388 illiciunt,
1623 2347 1665 2379 ut
1697 2347 1734 2379 et

250 2411 326 2459 ipsi
367 2409 536 2447 filiorum
574 2410 751 2458 exemplo
794 2423 879 2447 cum
918 2410 1189 2447 meretricibus
1238 2410 1467 2447 accumbant
1507 2415 1543 2446 et
1584 2413 1732 2458 potent.

250 2479 309 2515 Ita
336 2492 408 2528 pro
432 2479 543 2526 gravi
569 2478 742 2514 convicio
767 2477 978 2514 bacchanal
1002 2479 1191 2527 sequitur.
1218 2479 1382 2528 ipsique,
1416 2482 1460 2515 ut
1485 2479 1539 2514 ait
1562 2477 1733 2523 Bacchis,

252 2548 319 2594 qui
350 2546 449 2582 filios
482 2559 619 2595 capere
650 2545 845 2592 volebant,
879 2547 1098 2595 capiuntur.

364 2614 409 2650 In
443 2617 673 2663 argumento
711 2614 909 2663 turpiculo
948 2627 1094 2650 summa
1135 2614 1313 2651 hilaritas
1351 2617 1389 2650 et
1428 2613 1622 2649 festivitas
1663 2618 1732 2658 est,

251 2695 322 2718 nec
375 2682 519 2718 iniuria
567 2681 649 2718 haec
694 2682 828 2718 fabula
873 2684 1070 2731 egregium
1119 2682 1294 2719 Plautini
1347 2682 1493 2731 leporis
1539 2681 1736 2729 exemplar

246 2748 431 2786 habetur.
475 2749 534 2786 Ex
552 2750 773 2787 Menandro
792 2752 875 2798 ipso
903 2762 1123 2798 expressam
1142 2762 1223 2786 esse
1241 2749 1474 2786 Ritschelius
1490 2750 1732 2794 monstravit,
