1897 3171
794 184 833 218 V.
862 184 1001 217 19—35.
1563 186 1642 224 377

155 314 298 351 dicitur
336 327 450 363 quam
491 314 604 351 folles
642 313 854 360 fornacum,
897 312 1037 361 quibus
1062 311 1196 360 petre&
1234 325 1263 349 s.
1303 312 1453 361 lapides
1500 312 1644 349 ferrum

156 383 398 419 continentes
430 381 650 431 liquefiunt.
690 401 744 405 -—
787 382 850 417 28.
883 380 928 416 In
959 384 1205 425 transcursu,
1246 384 1289 416 ut
1323 381 1443 425 solet,
1478 381 1643 417 Plautus

155 451 483 487 Praenestinorum
514 449 707 497 gloriandi
739 448 992 497 cupiditatem
1026 450 1169 495 tangit.
1231 447 1409 485 Ceterum
1440 449 1481 485 hi
1508 462 1643 485 versus

155 523 286 555 utrum
324 519 428 554 inter
459 518 588 566 plures
619 530 806 567 personas
839 515 1100 552 distribuendi
1135 517 1232 562 sint,
1275 517 1380 565 quod
1405 516 1644 554 Ritschelius

155 587 259 632 fecit,
292 599 340 623 an
370 587 439 622 uni
471 585 693 635 assignandi
725 587 816 631 sint,
851 584 1059 621 admodum
1091 583 1251 620 dubium
1284 588 1352 621 est.
1381 604 1436 608 —
1463 586 1525 621 29.
1559 585 1643 630 Quo

156 668 245 691 casu
276 655 439 691 Plautus
472 654 705 691 adiectivum
744 655 934 703 posuerit,
974 654 1212 702 ignoramus.
1286 651 1394 688 Fieri
1425 656 1569 701 potest,
1602 657 1646 689 ut

157 723 319 760 militem
365 723 726 759 commemoraverit
762 718 928 759 Arabos
973 722 1147 769 aliasque
1193 722 1373 757 nationes
1419 733 1458 757 se
1504 723 1645 758 vicisse

157 782 400 838 gloriantem‘.

272 859 447 896 30—31.
479 858 639 895 Bacchis
659 859 788 895 Attica
811 859 938 895 sorori
957 858 1159 894 consilium
1177 857 1257 903 dat,
1281 862 1325 894 ut
1343 870 1458 905 quam
1476 858 1644 905 primum

156 940 177 962 a
206 927 332 963 milite
365 926 497 972 abeat,
540 926 646 976 quod
684 928 714 963 si
748 926 836 964 ideo
868 940 946 964 non
977 927 1119 976 possit,
1153 928 1247 975 quia
1280 939 1422 971 annus,
1456 926 1496 961 in
1529 938 1644 974 quem

157 995 349 1032 conducta
380 995 443 1040 sit,
484 994 656 1031 nondum
688 998 845 1032 exactus
877 995 938 1040 sit,
971 996 1178 1044 pecuniam
1211 994 1515 1044 comparandam
1547 1007 1642 1039 esse,

157 1076 235 1112 qua
267 1063 501 1100 exsolvatur.
558 1062 643 1099 Huc
674 1064 873 1111 pertinere
899 1063 1071 1099 arbitror
1102 1063 1170 1099 hos
1201 1075 1348 1109 versus,
1383 1075 1479 1110 quos
1511 1075 1642 1098 emen-

156 1131 265 1168 davit
283 1131 493 1177 Mercerus,
522 1144 609 1168 nam
635 1131 684 1167 ad
709 1131 941 1168 Bacchidem
966 1130 1003 1168 S.
1029 1131 1155 1168 dictos
1188 1144 1271 1168 esse
1305 1134 1344 1167 et
1368 1130 1666 1167 Cleomachum‘

157 1200 451 1237 commemorari
495 1203 646 1236 certum
683 1199 853 1236 videtur.
929 1195 1096 1237 Amvccoe
1133 1199 1231 1236 tales
1273 1198 1519 1236 condiciones
1563 1211 1645 1235 esse

156 1267 345 1313 solebant,
378 1281 413 1305 v.
446 1267 556 1305 Asin.
591 1268 683 1305 233.
718 1267 811 1304 747.
872 1267 1026 1304 Trucul.
1064 1268 1155 1305 392.

268 1335 387 1372 Redit
432 1335 683 1372 Pistoclerus,
766 1335 951 1385 Spectata
1003 1335 1216 1373 indiscreta
1276 1348 1453 1373 sororum
1509 1335 1647 1372 simili-

156 1404 292 1441 tudine
323 1403 576 1440 vehementer
610 1404 772 1440 miratur
802 1417 836 1440 V.
873 1406 940 1449 32,
981 1407 1272 1453 comparatione
1304 1418 1396 1441 usus
1428 1404 1568 1449 solita,
1609 1417 1644 1441 v.

157 1472 297 1521 Amph.
334 1473 411 1509 595
459 1485 541 1508 cum
585 1476 717 1509 annot.
758 1468 860 1510 laete
898 1472 975 1510 vid.
1018 1473 1066 1509 ad
1110 1474 1228 1509 1132.
1305 1472 1469 1509 Sorores
1516 1475 1644 1508 autem

156 1541 372 1589 pecuniam,
405 1553 481 1588 qua
513 1553 609 1588 opus
641 1540 703 1586 sit,
738 1554 784 1576 ex
816 1554 860 1577 eo
894 1541 981 1577 elici
1012 1555 1127 1590 posse
1152 1545 1366 1589 sperantes,
1400 1542 1481 1577 eius
1506 1551 1643 1588 aggre-

158 1608 289 1644 diendi
336 1608 537 1644 consilium
582 1609 730 1645 ineunt.
814 1608 905 1645 Haec
950 1610 1077 1657 prima
1122 1610 1161 1645 in
1208 1608 1405 1645 codicibus
1451 1608 1646 1645 Plautinis

158 1689 273 1712 scena
303 1664 429 1721 ent-at,
477 1680 515 1712 et
553 1676 666 1712 huius
706 1690 862 1725 quoque
903 1678 1057 1713 initium
1090 1676 1348 1713 desideratur.
1412 1676 1536 1713 Scena
1567 1680 1646 1712 tro-

159 1744 301 1781 chaicis
333 1745 568 1793 septenariis
600 1746 815 1793 composita
847 1748 923 1791 est,
970 1757 1157 1794 personas
1191 1748 1341 1790 autem,
1375 1758 1471 1792 quas
1503 1744 1586 1781 cod.
1620 1744 1648 1781 O

162 1825 237 1849 non
268 1812 497 1860 distinguit,
547 1812 632 1850 cod.
665 1813 714 1858 B,
758 1818 802 1849 ut
835 1813 1023 1859 diximus,
1071 1814 1173 1849 notis
1205 1813 1256 1858 A,
1291 1811 1341 1858 E,
1379 1812 1409 1849 G
1444 1811 1648 1861 significat.

159 1880 234 1917 Sed
283 1880 468 1918 confundi
513 1882 554 1917 in
599 1882 736 1930 primis
777 1881 955 1918 versibus
995 1885 1109 1918 notas
1147 1881 1181 1917 A
1221 1885 1259 1917 et
1291 1880 1342 1926 E,
1386 1886 1491 1917 recte
1529 1881 1650 1916 anim-

159 1948 329 1985 advertit
359 1948 597 1986 Ritschelius
636 1950 676 1985 in
706 1949 806 1987 Mus.
840 1949 963 1986 Rhen.
996 1949 1060 1995 IV,
1102 1962 1138 1998 p.
1174 1950 1252 1986 355
1286 1962 1391 1998 sqq.;
1440 1962 1534 1986 nam,
1566 1961 1651 1997 quae

158 2030 193 2054 v.
228 2017 277 2054 33
309 2017 484 2067 postulat
515 2021 555 2054 et
584 2019 789 2066 impetrat,
838 2021 882 2054 ut
923 2017 998 2054 sibi
1036 2018 1222 2066 loquendi
1263 2021 1395 2066 partes
1427 2016 1648 2061 tradantur,

159 2085 291 2121 Attica
321 2085 440 2122 fuerit
470 2098 628 2122 necesse
660 2089 738 2132 est,
787 2087 935 2135 quippe
975 2099 1061 2135 quae
1100 2099 1140 2122 re
1184 2087 1270 2135 ipsa
1299 2086 1339 2121 in
1370 2085 1558 2133 proximis
1590 2084 1651 2121 Pi-

159 2152 325 2189 stoclero
364 2153 610 2203 persuadeat.
650 2174 704 2178 —
746 2154 788 2191 tu
826 2155 999 2191 servavit
1038 2153 1238 2191 Charisius
1276 2167 1313 2203 p.
1349 2154 1427 2190 204
1462 2153 1563 2190 Keil.
1598 2171 1653 2177 --

159 2216 338 2268 Lepid&
368 2221 491 2258 altera
521 2234 633 2259 soror
664 2223 867 2259 consilium
900 2223 1048 2259 laudat.
1066 2219 1240 2267 —Zi6615,
1273 2235 1308 2259 V.
1328 2221 1375 2258 ad
1394 2220 1534 2269 Amph.
1556 2219 1649 2257 540.

274 2290 451 2326 35—36.
499 2288 754 2339 Corruptelas
793 2291 960 2339 primum
1000 2303 1248 2326 numerorum
1291 2289 1465 2326 defectus
1507 2289 1649 2335 arguit.

160 2356 287 2402 Quare
318 2358 357 2393 in
387 2359 520 2406 priore
551 2371 666 2394 Versu
699 2357 942 2395 Camerarius
981 2358 1128 2407 Pylade
1165 2359 1260 2395 duce
1303 2358 1461 2404 „defuat
1495 2354 1646 2393 oratio“

160 2426 327 2473 scripsit,
370 2424 518 2463 Ritsch.
553 2426 809 2474 Bernaysium
841 2430 1014 2463 secutus:
1067 2441 1139 2473 „ne
1171 2426 1343 2463 defuerit
1375 2425 1524 2473 optio“,
1558 2425 1582 2460 i.
1617 2437 1650 2460 e.

160 2492 328 2539 adiutor,
363 2494 409 2531 cf.
433 2494 542 2531 Asin.
572 2495 668 2540 1003
701 2494 771 2530 sed
801 2508 871 2531 nec
905 2491 1123 2542 „defu-erit“
1158 2494 1262 2531 idem
1295 2497 1354 2529 est
1385 2492 1490 2541 quod
1529 2504 1651 2540 „opus

161 2559 250 2606 sit“‚
283 2574 353 2598 nec
386 2562 551 2609 cogitari
582 2565 730 2610 potest,
778 2576 854 2611 quo
895 2562 1120 2599 adiumento
1159 2565 1271 2609 egeat
1302 2560 1465 2597 Bacchis
1498 2562 1537 2596 in
1569 2561 1650 2596 suis

160 2629 246 2677 ipsa
277 2629 392 2666 rebus
425 2629 788 2667 commemorandis.
859 2630 969 2667 Nihil
1000 2631 1105 2667 aliud
1144 2628 1380 2677 respondere
1412 2631 1543 2676 potest
1573 2627 1651 2663 nisi

161 2696 233 2733 sibi
264 2710 496 2746 persuasum
529 2711 612 2734 esse
643 2698 752 2735 nulla
779 2698 1049 2736 admonitione
1074 2711 1170 2747 opus
1197 2710 1291 2733 esse.
1339 2695 1477 2744 Itaque
1502 2696 1649 2731 ironice

161 2763 257 2801 dicit
286 2778 321 2803 v.
356 2766 427 2811 36,
475 2766 652 2815 profecto
683 2780 723 2803 se
754 2768 896 2813 vereri,
943 2780 990 2802 ne
1028 2766 1234 2802 lusciniam
1273 2763 1436 2800 canendi
1479 2763 1648 2800 facultas
