1854 3188
168 202 240 248 IH,
251 204 284 247 4,
302 203 445 247 115—5,
460 203 480 238 5
851 203 1006 247 Captiui.
1578 209 1626 246 18
1634 208 1656 247 3

833 327 1002 380 Hegio

1216 399 1439 444 Conuenit.

779 472 1058 525 Tyndarus

166 543 227 586 Ut
251 544 424 599 quidem
448 544 593 585 hercle
616 545 659 585 in
684 544 872 585 medium
897 558 973 597 ego
991 543 1119 585 hodie
1136 557 1333 598 pessume
1359 546 1658 599 processerim.

168 615 260 658 Uae
286 616 371 657 illis
395 617 527 668 uirgis
554 616 735 665 miseris,
770 629 880 669 quae
904 616 1034 658 hodie
1058 617 1102 657 in
1127 620 1249 669 tergo
1281 617 1518 658 morientur
1549 630 1658 659 meo.

830 687 1002 740 Hegio

164 758 315 801 Uerba
346 759 452 800 mihi
486 759 588 801 data
620 773 711 800 esse
743 759 885 801 uideo.

777 831 1060 885 Tyndarus

944 901 1056 952 Quid
1089 904 1278 955 cessatis,
1312 904 1540 958 conpedes,
1593 915 1658 949 645

167 974 352 1017 Currere
384 975 439 1016 ad
471 989 538 1017 me
570 989 753 1029 meaque
786 975 988 1029 amplecti
1022 989 1168 1026 crura,
1200 980 1248 1018 ut
1278 990 1356 1018 uos
1390 976 1658 1018 custodiam?

825 1046 996 1101 Hegio

165 1118 288 1161 Satin
319 1133 385 1160 me
416 1118 549 1159 illisce
579 1118 707 1159 hodie
740 1118 907 1160 scelesti
941 1119 1058 1173 capti
1091 1124 1298 1174 ceperunt
1331 1118 1458 1160 dolo‘?

163 1190 259 1232 Illic
290 1204 459 1232 seruom
493 1204 537 1232 se
570 1190 872 1242 adsimulabat,
906 1191 976 1232 hic
1008 1204 1099 1232 sese
1132 1196 1275 1232 autem
1306 1190 1500 1232 liberum.

163 1263 404 1304 Nuculeum
437 1263 572 1313 amisi,
604 1263 763 1303 retinui
794 1263 964 1317 pignori
997 1264 1244 1316 putaminag

164 1334 233 1376 Ita
263 1333 367 1376 mih'i
399 1334 556 1376 stolido
590 1348 760 1376 sursum
793 1348 973 1376 uorsum
1006 1349 1050 1376 os
1083 1335 1309 1377 subleuere
1342 1332 1520 1376 offuciis.
1592 1343 1659 1377 650

161 1406 246 1448 Hic
263 1407 435 1460 quidem
452 1420 519 1447 me
535 1420 770 1460 numquam
786 1406 1003 1448 inridebit.
1046 1407 1250 1461 Colaphe,
1270 1405 1485 1458 Cordalio,
1505 1404 1657 1457 Corax,

161 1478 229 1521 Ite
259 1479 388 1521 istinc
421 1482 553 1533 atque
585 1477 744 1520 ecferte
775 1478 882 1520 lora.

802 1550 1020 1592 Lorarii

954 1622 1066 1664 Num
1097 1622 1307 1675 lignatum
1338 1621 1576 1662 mittimur?

197 1837 391 1879 HEGIO.
454 1837 698 1879 LORARII.
761 1837 1075 1879 TYNDARUS.
1138 1834 1619 1878 ARISTOPHONTES.

828 1940 998 1994 Hegio

162 2011 317 2053 Inicite
347 2011 447 2053 huic
477 2013 670 2054 manicas
703 2015 893 2064 actutum,
927 2013 1166 2066 mastigiae.

772 2099 1050 2154 Tyndarus

162 2169 278 2219 Quid
310 2170 392 2211 hoc
423 2174 488 2212 est
518 2171 695 2224 negoti?
727 2172 830 2225 quid
862 2185 940 2224 ego
974 2171 1165 2224 deliqui?

831 2259 1000 2312 Hegio

1214 2330 1373 2382 Rogas,

161 2399 290 2442 Sator
322 2404 551 2455 sartorque
584 2402 797 2443 scelerum
830 2406 872 2443 et
902 2416 1067 2443 messor
1097 2400 1325 2443 maxume?
1591 2408 1657 2441 655

778 2488 1052 2543 Tyndarus

162 2556 261 2598 Non
293 2562 538 2600 occatorem
571 2559 713 2602 dicere
746 2561 938 2603 audebas
969 2561 1125 2615 prius?

164 2629 272 2671 Nam
306 2644 475 2684 semper
506 2636 659 2673 occant
689 2632 809 2685 prius
841 2645 971 2685 quam
1003 2633 1171 2674 sariunt
1201 2631 1364 2673 rustici.

256 2784 322 2817 647
348 2783 479 2818 Santin
503 2795 561 2818 me
586 2785 640 2818 illi
690 2787 756 2820 650
783 2786 968 2820 sublinere
1017 2786 1082 2820 653
1109 2787 1274 2819 actutum
1296 2794 1361 2817 om.
1413 2783 1478 2816 657
1497 2782 1657 2816 sarriunt
