1897 3171
274 199 353 238 552
926 195 1107 231 Curculio.

271 338 308 362 v.
340 324 447 362 Prol.
486 337 525 374 p.
561 326 653 363 198.
722 324 835 362 Both.
875 324 935 362 Fl.
980 323 1131 374 „Uide“
1180 326 1441 375 scripserunt;
1488 326 1558 364 sed
1597 327 1771 364 interro-

272 391 390 442 gandi
421 393 658 442 particulam
690 393 932 430 concinnitas
962 392 1127 441 flagitat.
1160 414 1216 418 —
1249 395 1341 432 312.
1375 391 1580 443 aqualem,
1611 408 1768 442 urnam,

271 472 307 497 v.
326 459 440 498 Varr.
466 459 510 497 L.
527 459 573 498 L.
600 460 645 506 V,
675 462 765 498 119.
785 480 840 486 --
866 460 958 499 313.
984 458 1255 511 frustulenta,
1290 461 1427 499 frustis
1452 463 1578 499 carnis
1600 463 1765 512 repleta..

270 547 327 553 —
353 529 445 565 314.
487 524 572 568 Uae
597 526 720 577 capiti
747 529 825 575 tuo,
851 529 937 576 tibi,
963 530 1072 566 aetati
1095 533 1199 576 tuae,
1228 529 1446 577 dicebatur,
1471 530 1540 568 ubi
1557 529 1767 568 ridiculum

274 595 437 646 aliquod
463 598 574 646 quasi
598 597 778 646 ineptum
804 601 843 634 et
867 597 933 634 vix
956 597 1159 635 ferendum
1184 598 1461 648 repudiabant,
1494 612 1529 636 v.
1549 599 1598 636 ad
1624 598 1765 648 Amph.

275 665 366 702 734.
430 678 551 714 supra
593 666 684 703 130.
731 685 786 690 —
833 665 996 703 uentum
1035 666 1083 703 ut
1126 663 1349 715 ‘qaudeawu
1396 649 1433 704 is
1453 680 1484 704 e.
1524 670 1570 704 ut
1614 668 1772 704 venisse

273 746 332 769 me
362 732 566 782 gaudeam.
629 732 705 770 Sed
735 733 808 770 hoc
839 733 1091 770 Phaedromus
1121 734 1280 771 ridiculi
1313 748 1428 772 causa
1457 737 1512 772 ita
1543 722 1769 784 detorquet,

272 804 316 837 ut
347 801 516 839 uentum
546 815 618 852 pro
650 801 898 839 substantivo
930 802 1071 851 capiat,
1106 803 1218 851 quasi
1250 803 1494 852 imperasset,
1534 806 1578 840 ut
1607 806 1766 841 ventum

272 868 460 916 facerent,
494 883 564 906 nec
595 883 757 920 prorsus
787 871 943 916 iniuria,
977 883 1065 907 nam
1090 871 1143 907 sic
1169 870 1366 908 faciebant
1391 870 1557 908 deficere
1579 872 1769 920 incipien-

272 937 391 984 tibus,
423 951 459 975 v.
493 937 621 976 Casin.
655 939 757 975 611:
804 938 910 985 „face
942 941 1117 984 uentum,
1153 938 1303 986 amabo,
1345 938 1509 989 pallio“.
1571 939 1774 988 Cognatus

273 1005 312 1042 in
342 1005 479 1042 iisdem
519 1006 721 1043 vocabulis
760 1007 869 1043 lusus
910 1009 970 1043 est
1000 1005 1094 1044 Cist.
1132 1008 1180 1044 14
1213 1021 1270 1057 sq.
1310 1027 1365 1033 -—
1406 1009 1497 1046 316.
1544 1004 1769 1046 aemulum.

274 1072 529 1111 Deminutiva
560 1075 685 1111 torma
716 1076 854 1121 utitur,
888 1088 936 1111 ne
968 1075 1138 1124 amplius
1163 1075 1368 1113 obscurum
1393 1077 1456 1123 sit,
1491 1076 1585 1126 quid
1609 1077 1767 1114 sentiat.

275 1160 324 1166 --
344 1151 442 1188 esse,
468 1143 596 1180 edere.
615 1163 671 1167 —-›
698 1144 789 1180 317.
816 1140 1030 1191 prospicio
1045 1153 1206 1191 parum,
1234 1144 1281 1181 cf.
1304 1145 1403 1182 309:
1442 1144 1656 1192 „tenebrae
1675 1144 1769 1182 obo-

273 1211 442 1248 riuntur.
461 1231 515 1235 —
535 1212 627 1249 318.
655 1221 700 1248 os
731 1221 929 1255 amarum,
967 1224 1122 1248 amarus
1146 1212 1185 1248 in
1211 1224 1277 1249 ore
1310 1226 1440 1262 sapor.
1489 1212 1634 1250 Versus
1652 1225 1770 1250 causa

273 1278 336 1316 Fl.
373 1277 637 1326 „amarumst“
674 1280 852 1329 scripsit,
887 1279 955 1316 sed
987 1275 1112 1317 habeo
1143 1293 1220 1317 non
1253 1280 1431 1327 offendit,
1459 1277 1608 1330 plenos
1639 1284 1769 1318 autem

275 1360 391 1384 sensu
431 1351 553 1394 caret3
602 1349 689 1397 quis
729 1349 832 1384 enim
863 1347 1054 1385 Salmasio
1097 1348 1230 1385 credet
1261 1362 1431 1395 crassos,
1466 1349 1627 1386 obtusos
1659 1362 1770 1386 enar·

274 1414 406 1452 ranti‘?
466 1415 631 1453 Plautus
662 1413 763 1464 slent
792 1417 993 1465 scripsisse
1024 1416 1200 1462 videtur,
1243 1420 1288 1453 ut
1326 1429 1396 1453 nos
1435 1430 1591 1466 quoque
1632 1416 1770 1454 dentes

275 1496 376 1533 aqua
406 1497 564 1521 manare
597 1485 772 1522 dicimus.
833 1484 929 1521 Inde
970 1495 1202 1533 progressus
1236 1487 1356 1522 etiam
1390 1485 1558 1522 faucium
1592 1484 1769 1523 dolorem

275 1565 360 1589 cum
392 1553 594 1590 oculorum
626 1553 764 1590 morbo
807 1557 1027 1603 comparat,
1070 1566 1212 1603 easque
1253 1550 1402 1602 lippire
1440 1553 1546 1590 dicit.
1578 1573 1634 1578 —
1674 1554 1769 1591 319.

274 1617 495 1658 uacim'tate
525 1621 655 1668 Both„
689 1635 724 1658 v.
752 1621 799 1657 ad
827 1621 968 1658 Bacch.
1002 1622 1093 1659 152.
1157 1618 1329 1669 „lacte-ff
1365 1622 1420 1658 ait
1449 1621 1599 1659 Nonius
1623 1634 1661 1670 p.
1691 1621 1767 1658 331

280 1687 487 1735 „dicuntur
526 1688 754 1736 intestina“,
798 1690 883 1727 coll.
917 1691 1035 1726 etiam
1067 1689 1208 1727 Pseud.
1245 1691 1336 1727 319.
1405 1689 1482 1726 Eas
1520 1690 1656 1739 inopia
1695 1687 1772 1726 cibi

276 1752 412 1794 lassa-S
444 1758 524 1794 sive
556 1758 744 1805 fatigatas
778 1771 861 1795 esse
894 1758 999 1795 (licit.
1032 1777 1087 1783 —
1121 1758 1199 1796 320
1241 1755 1420 1807 aliquid,
1459 1771 1578 1795 unum
1618 1761 1686 1794 aut
1718 1757 1774 1794 al·-

274 1828 413 1871 terum,
441 1825 547 1874 quod
572 1828 684 1875 quasi
708 1827 824 1863 nimis
848 1825 1094 1863 indefinitum
1124 1830 1161 1863 et
1187 1827 1378 1864 incertum
1397 1826 1578 1864 Curculio
1604 1827 1772 1876 respuit.

274 1912 330 1917 —
348 1894 440 1931 321.
475 1891 607 1932 Immo
632 1891 670 1931 Si
692 1892 804 1932 scias
828 1898 913 1940 ete,
947 1908 996 1932 sc.
1023 1894 1095 1932 hoc
1123 1907 1198 1931 non
1231 1894 1348 1941 dicas,
1382 1908 1459 1932 non
1491 1907 1652 1944 spernas
1684 1906 1773 1943 quae

274 1961 346 1997 tibi
379 1961 513 1999 offero.
590 1959 785 2012 reliquiae
831 1966 961 2000 autem
1003 1963 1178 2013 parasito
1218 1962 1305 1999 dari
1347 1962 1545 2008 solebant,
1594 1962 1640 2000 cf.
1676 1963 1768 1999 388.

276 2028 395 2067 Stich.
431 2031 530 2067 235:
567 2032 810 2080 „parasitum
842 2032 1008 2078 inanem,
1043 2043 1118 2080 quo
1150 2030 1343 2068 recondas
1374 2028 1602 2080 reliquias“.
1663 2030 1769 2067 Men.

276 2098 375 2135 452:
428 2099 666 2143 „etiamnum
705 2100 958 2148 reliquiarum
990 2112 1078 2149 spes
1112 2100 1281 2136 animum
1313 2099 1485 2136 oblectat
1516 2096 1683 2136 meum“.
1715 2118 1773 2122 —

278 2166 370 2203 323.
417 2164 508 2204 sais
539 2168 691 2204 numeri
723 2181 799 2204 non
831 2168 975 2205 ferunt.
1052 2167 1217 2204 Bothius
1260 2165 1435 2215 „sueris“
1478 2168 1654 2217 scripsit,
1703 2179 1771 2203 an-

275 2234 386 2283 tiqua
417 2235 564 2281 forma,
613 2249 730 2284 quam
762 2236 904 2273 Festus
936 2250 973 2286 p.
1009 2237 1087 2273 330
1128 2249 1175 2273 ex
1205 2236 1336 2273 Plauti
1376 2235 1616 2273 Carbonaria
1655 2234 1772 2271 affert

277 2306 316 2339 et
346 2302 473 2340 Varro
505 2302 627 2340 habet
657 2303 701 2341 L.
728 2303 771 2341 L.
797 2304 840 2350 V,
872 2305 970 2350 1103
1003 2317 1139 2340 uerum
1172 2318 1243 2341 nec
1273 2304 1437 2341 Plautus
1474 2317 1632 2350 „sumen
1662 2299 1768 2339 suis“

277 2370 450 2417 dixisset,
483 2371 551 2408 sed
580 2372 802 2417 .,suillum‘',
836 2385 905 2408 nec
934 2385 1052 2420 quum
1078 2385 1164 2421 quae
1191 2376 1470 2410 enumerantur
1495 2372 1625 2408 omnia
1654 2370 1773 2408 suilla

276 2442 366 2485 sint,
400 2439 470 2476 hoc
504 2440 579 2476 soli
610 2441 753 2477 sumini
785 2444 853 2476 aut
885 2440 1044 2487 glaudio
1076 2440 1166 2477 addi
1200 2440 1357 2487 debuit3
1390 2440 1540 2478 accedit
1572 2438 1678 2488 quod
1709 2451 1772 2475 ac-

277 2508 441 2544 cusativi
472 2521 550 2544 non
581 2507 728 2545 liabent
757 2508 861 2545 unde
886 2507 1097 2556 pendeant.
1143 2509 1283 2558 Itaque
1309 2518 1446 2546 sumes
1478 2508 1628 2556 scripsi,
1663 2506 1770 2555 quod

277 2576 525 2613 commendat
559 2576 803 2613 allitteratio.
870 2571 1098 2625 qlcm‘zdium,
1133 2576 1180 2613 cf.
1213 2576 1318 2613 infra
1351 2578 1443 2614 366.
1520 2575 1632 2624 Capt.
1675 2575 1769 2611 910.

275 2643 380 2681 Men.
415 2645 508 2682 207.
569 2643 689 2682 Stich.
725 2645 817 2682 361.
877 2643 1019 2682 Pseud.
1058 2645 1153 2681 165:
1205 2644 1416 2691 „Pernam,
1457 2643 1618 2689 callum,
1660 2642 1770 2689 glan·

278 2711 398 2759 dium,
432 2710 607 2749 sumen“.
669 2712 771 2749 Plin.
803 2711 905 2749 Hist.
938 2716 1018 2749 nat.
1052 2711 1156 2757 VIII,
1193 2713 1255 2758 51,
1292 2713 1355 2759 77,
1391 2712 1492 2749 209:
1538 2711 1651 2758 „hinc
1684 2723 1772 2747 cen-

276 2781 472 2817 soriarum
503 2780 633 2830 legum
664 2781 817 2830 paginae
848 2779 1140 2828 interdictaque
1180 2781 1284 2816 cenis
1324 2778 1556 2826 abdomina,
1599 2778 1771 2826 glandia,
