1897 3171
185 189 230 233 V,
244 191 277 233 3,
297 189 427 223 15—27
841 186 1023 220 Curculio.
1590 194 1641 232 26
1647 194 1668 232 3

677 312 1178 365 Therapontigonus

396 383 562 427 Collum
593 385 827 437 obstringe,
862 384 1028 425 abduce
1060 385 1189 425 istum
1222 386 1265 425 in
1297 386 1453 427 malam
1487 401 1667 429 crucem.

746 470 1112 512 Phaedromus

182 542 401 597 Quidquid
431 547 509 595 est,
541 544 631 597 ipse
663 543 744 584 ibit
775 543 932 596 potius.

782 629 1068 684 Cappadox

745 702 827 744 Pro
860 702 986 743 deum
1018 706 1147 755 atque
1179 702 1397 745 hominum
1429 704 1576 746 fidem!
1603 717 1670 750 690

180 774 344 816 Hocine
377 779 505 829 pacto
535 775 828 816 indemnatum
864 779 995 827 atque
1027 775 1282 815 intestatum
1315 789 1381 816 me
1413 776 1584 830 abripi?

180 847 235 887 Te
259 847 450 898 obsecro,
483 846 741 897 Planesium,
775 851 818 887 et
842 852 895 896 te,
927 845 1208 898 Phaedrome,
1236 847 1443 888 auxilium
1468 854 1515 888 ut
1539 848 1666 890 feras.

770 933 1074 975 Planesium

176 1005 341 1057 Frater,
372 1006 552 1047 obsecro
583 1011 638 1057 te,
671 1005 760 1047 noli
790 1005 904 1046 hunc
935 1006 1233 1047 indemnatum
1266 1007 1467 1060 perdere3

175 1076 291 1118 Bene
323 1081 367 1119 et
397 1077 554 1132 pudice
585 1092 652 1119 me
685 1078 801 1119 domi
832 1077 996 1119 habuit.

665 1165 1176 1219 Therapontigonus

1046 1237 1175 1279 Haud
1206 1238 1431 1280 uoluntate
1464 1239 1507 1280 id
1539 1254 1629 1281 sua.

173 1308 428 1362 Aesculapio
460 1309 560 1350 huic
591 1308 764 1358 habeto,
798 1323 927 1364 quom
958 1309 1116 1362 pudica
1147 1324 1204 1361 es,
1238 1311 1445 1363 gratiamg
1601 1324 1667 1357 695

175 1379 287 1421 Nam
318 1381 353 1421 si
384 1381 421 1422 is
453 1381 676 1432 ualuisset,
708 1382 795 1422 iam
827 1381 1006 1435 pridem,
1039 1396 1211 1434 quoquo
1243 1387 1405 1436 posset,
1438 1384 1642 1425 mitteret.

741 1454 1100 1506 Phaedromus

172 1535 375 1577 Animum
406 1536 637 1588 aduortite,
671 1551 742 1590 eqo
775 1537 811 1578 si
842 1550 1017 1590 possum
1048 1536 1129 1578 hoc
1160 1538 1273 1579 inter
1299 1551 1379 1579 uos
1407 1552 1663 1592 conponere.

173 1607 298 1649 Mitte
329 1609 484 1651 istunc.
544 1609 712 1650 Accede
743 1609 840 1660 huc,
871 1609 981 1650 leno.
1041 1609 1193 1650 Dicam
1225 1623 1365 1651 meam
1393 1612 1665 1662 sententiam,

172 1681 217 1723 Si
249 1681 420 1734 quidem
451 1681 595 1730 uoltis,
628 1680 747 1734 quod
779 1680 970 1731 decrero,
1002 1681 1159 1722 facere.

662 1767 1175 1821 Therapontigonus

1175 1840 1270 1882 Tibi
1304 1841 1606 1894 permittimus.

774 1923 1063 1977 Cappadox

174 1995 288 2036 Dum
319 1996 495 2049 quidem
526 1995 669 2038 hercle
700 1997 761 2037 ita
793 1996 977 2046 iudices,
1010 2010 1062 2036 ne
1095 1997 1327 2049 quisquam
1359 2010 1383 2037 a
1415 2011 1480 2037 me
1514 2010 1666 2050 argen-

1122 2073 1213 2108 tum
1245 2066 1429 2109 auferat.
1600 2080 1667 2113 700

658 2155 1175 2208 Therapontigonus

172 2225 352 2276 Quodne
383 2227 609 2281 promisti?

771 2297 1064 2352 Cappadox

645 2370 861 2412 Promisi?
895 2371 998 2424 qui?

655 2456 1174 2511 Therapontigonus

1013 2529 1190 2583 Lingua.

259 2714 324 2747 691
350 2713 466 2757 arripi
545 2715 612 2747 692
636 2713 687 2747 Te
713 2724 776 2748 om.
861 2716 927 2749 693
953 2713 1266 2756 condempnatum
1342 2711 1500 2745 696—98
1525 2711 1664 2745 duobus

167 2770 341 2804 uersibus.
429 2771 496 2804 697
521 2781 589 2814 ego
616 2781 680 2805 om.
764 2772 830 2805 698
855 2771 951 2805 istuc
1025 2772 1091 2804 700
1116 2769 1263 2803 iudeces
1346 2769 1410 2801 701
1437 2767 1641 2811 promisisti
