1854 3188
149 192 215 237 111,
232 195 258 233 1,
273 192 395 236 35-3‚
409 194 432 226 4
830 192 982 236 captiui.
1566 198 1642 236 173

148 318 246 361 Meo
277 318 494 360 arbitratu
525 318 639 368 dent,
673 331 802 371 quom
834 331 936 359 cara
967 332 1138 359 annona
1171 319 1249 370 sit,
1283 320 1343 360 sic
1375 333 1513 372 egero.

145 390 272 432 Nunc
302 390 373 432 ibo
403 390 460 431 ad
490 394 663 443 portum
689 388 810 441 hinc;
843 394 909 431 est
935 390 1023 430 illic
1048 389 1153 430 mihi
1180 404 1267 431 una
1294 404 1392 444 spes
1421 392 1640 443 cenatica,

144 460 191 502 >Si
215 475 266 502 ea
290 461 518 513 decolabit,
550 461 701 503 redibo
728 460 813 502 huc
838 460 893 502 ad
916 475 1060 502 senem
1085 461 1140 502 ad
1165 475 1314 503 cenam
1331 476 1542 515 asperam.
1569 475 1634 508 495

798 711 989 753 HEGIO.

147 812 259 863 Quid
290 817 355 854 est
387 813 563 854 suauius
596 826 727 865 quam
750 812 859 854 bene
884 827 975 853 rem
999 826 1148 866 gerere
1173 813 1286 855 bono
1312 813 1497 867 publico,
1531 815 1639 855 sicut

1104 898 1182 937 ego
1214 885 1298 927 feei
1329 885 1434 930 heri,

147 956 285 1007 Quom
308 957 391 998 emi
416 957 544 998 hosce
562 957 769 998 homines.
820 956 901 998 Ubi
927 958 1109 1010 quisque
1134 957 1297 1009 uident,
1324 963 1428 999 eunt
1458 958 1643 1007 obuiam,

150 1027 522 1083 Gratulanturque
555 1043 646 1070 eam
678 1043 782 1070 rem.
844 1028 912 1070 Ita
944 1043 1011 1070 me
1042 1030 1248 1070 miserum
1280 1030 1520 1072 restitando

150 1100 478 1153 Retinendoque
510 1100 674 1142 lassum
704 1100 1010 1152 reddiderunt3
1582 1114 1647 1147 500

149 1171 232 1213 Uix
264 1185 316 1213 ex
345 1173 606 1226 gratulando
637 1174 769 1214 miser
799 1174 885 1214 iam
918 1172 1172 1214 eminebam.

149 1243 343 1285 Tandem
375 1245 463 1286 abii
494 1245 550 1286 ad
582 1249 849 1298 praetorem,
881 1244 941 1286 ibi
972 1245 1045 1286 uix
1076 1245 1285 1299 requieui.

149 1315 271 1369 Rogo
312 1316 622 1371 syngraphum,
679 1317 809 1358 datur
854 1316 957 1358 mihi
999 1317 1120 1368 ilico,
1169 1317 1267 1359 dedi
1305 1317 1524 1371 Tyndarog
1574 1317 1645 1358 ille

1098 1389 1205 1431 abiit
1238 1389 1425 1431 domuin.

147 1458 387 1513 Postquam
416 1460 461 1501 id
493 1464 692 1512 actumst,

150 1531 213 1572 Eo
244 1532 437 1585 protinus
468 1531 525 1574 ad
554 1531 747 1584 fratrem,
778 1533 862 1574 mei
893 1533 968 1574 ubi
1000 1533 1073 1574 alii
1106 1538 1206 1574 sunt
1239 1534 1414 1588 captiui.
1579 1546 1645 1578 505

152 1603 285 1657 Rogo,
316 1603 608 1646 Philocratem
639 1619 691 1646 ex
721 1604 845 1645 Alide
879 1605 1023 1658 ecquis
1056 1606 1246 1647 omnium

150 1674 351 1727 Nouerit,
382 1676 560 1717 tandem
589 1675 660 1717 hic
692 1676 915 1727 exclamat,
949 1690 1046 1718 eum
1077 1677 1158 1718 sibi
1191 1691 1285 1719 esse
1318 1677 1524 1719 sodalem.

153 1746 273 1798 Dico,
306 1761 399 1789 esse
431 1761 528 1789 eum
559 1747 676 1802 apud
707 1762 794 1800 1ne3
827 1747 895 1790 hic
928 1749 1143 1803 extemplo
1176 1754 1273 1791 orat
1304 1749 1604 1801 obsecratque,

153 1818 265 1860 Eum
296 1819 377 1861 sibi
407 1823 456 1861 ut
485 1819 615 1861 liceat
645 1819 814 1872 uidere;
856 1821 961 1862 iussi
999 1820 1099 1862 ilico
1140 1820 1254 1862 hunc
1287 1820 1465 1863 exsolui.
1527 1820 1648 1862 Nunc

1105 1897 1153 1934 tu
1187 1907 1367 1946 sequere
1400 1907 1479 1943 me,

154 1961 213 2004 Ut
229 1962 345 2017 quod
361 1977 428 2005 me
453 1964 636 2005 orauisti
657 1963 863 2018 inpetres,
890 1978 987 2005 euin
1012 1964 1227 2006 hominem
1246 1970 1293 2007 ut
1311 1966 1557 2007 conuenias.
1585 1976 1651 2009 510

745 2214 1065 2257 TYNDARUS.

153 2318 278 2361 Nunc
308 2319 415 2361 illud
447 2324 525 2371 est,
558 2335 686 2374 quom
717 2335 784 2363 me
815 2321 951 2363 fuisse
984 2335 1112 2374 quam
1143 2336 1236 2363 esse
1267 2322 1398 2364 nimio
1430 2321 1651 2370 mauelim,

155 2391 280 2433 Nunc
305 2406 414 2446 spes,
446 2406 549 2446 opes
574 2392 824 2447 auxiliaque
856 2407 882 2434 a
913 2408 979 2435 me
1011 2399 1240 2448 segregant
1271 2398 1564 2448 spernuntque
1597 2406 1654 2433 se.

157 2462 240 2505 Hic
271 2463 390 2506 illest
421 2464 525 2516 dies,
557 2478 686 2518 quom
716 2465 839 2507 nulla
869 2466 987 2507 uitae
1019 2480 1139 2508 meae
1173 2466 1288 2508 salus
1322 2465 1588 2519 sperabilist3

157 2534 308 2589 Neque
341 2536 516 2578 exitiost
547 2551 686 2590 neque
718 2537 828 2579 adeo
861 2551 981 2591 spes,
1023 2551 1134 2591 quae
1173 2538 1287 2579 hunc
1325 2536 1429 2578 mihi
1468 2535 1653 2589 aspellat

1111 2614 1287 2660 metum,

249 2720 317 2753 496
342 2719 542 2755 decollabit
617 2721 685 2755 504
709 2721 800 2756 Inde
826 2721 916 2756 ilico
941 2725 1114 2756 reuortor
1139 2721 1288 2755 domum
1313 2722 1507 2764 postquam
1590 2719 1655 2752 505

158 2773 316 2810 fratrem
340 2777 427 2811 inde
454 2777 527 2811 abii
551 2778 626 2811 mei
695 2779 761 2812 512
787 2782 1041 2823 spernuntque
1067 2789 1124 2811 me
1195 2779 1262 2810 514
1287 2776 1435 2811 exilium
1462 2776 1573 2810 exitio
1600 2779 1654 2809 est
