1897 3171
257 205 338 244 340
898 202 1097 237 Aulularia.

368 330 512 367 Versus
545 331 735 368 584—87
768 331 808 368 in
838 331 949 369 codd.
982 331 1166 381 leguntur
1205 335 1295 381 post
1328 332 1426 378 594;
1469 331 1539 368 sed
1578 331 1626 368 ab
1662 331 1738 368 583

256 398 389 435 divelli
412 411 490 435 non
513 411 625 447 posse
648 399 761 436 facile
786 403 963 448 apparet.
1012 399 1154 437 Versus
1179 399 1331 436 incuria
1355 400 1517 437 omissos
1540 399 1737 445 librarius,

254 480 374 516 quum
399 479 571 503 errorem
597 466 951 514 animadvertisset,
983 468 1203 517 posteriore
1237 467 1321 503 loco
1353 468 1521 517 scripsit.
1584 467 1741 504 Brixius

255 534 422 584 quidem,
441 534 580 571 Annal.
598 534 693 582 phil.
715 535 832 581 1865,
861 538 899 571 et
915 534 1106 583 Seyffert.,
1127 533 1236 571 stud.
1254 534 1427 572 Plautin.
1445 548 1482 584 p.
1508 534 1570 582 11,
1589 538 1742 585 septem

254 615 404 648 versuS‚
438 604 504 651 qui
537 602 798 648 intercedunt,
825 598 1054 651 (588—94)
1088 616 1110 639 a
1141 601 1284 640 Plauto
1318 602 1564 640 abiudicatos
1595 607 1742 640 retrac-

253 671 396 707 tationi
426 671 656 720 posterioris
687 674 812 719 poetae
843 670 1045 715 tribuunt,
1094 683 1162 707 nec
1203 669 1293 707 huie
1323 670 1410 708 loco
1444 674 1511 708 aut
1541 671 1657 708 huius
1687 671 1742 708 fa-

253 738 357 775 bulae
389 742 620 786 argumento
647 741 760 786 aptos
785 742 957 784 censent,
989 738 1057 775 ubi
1088 751 1165 775 non
1196 737 1243 774 de
1268 739 1491 776 meretricio
1517 751 1647 776 amore
1675 738 1744 775 sed

257 806 304 843 de
337 807 590 843 matrimonio
623 810 774 855 agatur.
831 806 941 853 Quod
971 806 1067 843 mihi
1099 818 1209 842 secus
1235 805 1410 853 videtur3
1442 820 1531 844 nam
1556 811 1594 844 et
1618 808 1743 843 oratio

256 887 421 923 prorsus
462 873 645 911 Plautina
684 877 762 920 est,
808 887 877 911 nec
917 887 1068 910 servum
1111 874 1230 910 miror
1271 876 1382 912 varia
1422 876 1565 912 amoris
1603 887 1745 923 genera

255 955 392 991 parum
411 941 725 990 distinguentem.
765 937 876 979 Nam
894 955 985 979 vero
1002 955 1079 979 non
1095 942 1132 979 h.
1145 942 1169 978 l.
1184 943 1308 989 magis
1327 942 1489 979 offendit
1507 956 1623 992 quam
1635 942 1743 980 Asin.

260 1011 351 1047 122.
398 1009 540 1058 Amph.
559 1011 651 1046 951.
675 1010 764 1046 104.
788 1011 877 1047 120.
896 1030 950 1035 —-
969 1010 1059 1047 584.
1092 1005 1234 1047 Herile
1259 1010 1384 1056 codd„
1411 1011 1481 1048 sed
1505 1010 1584 1047 haee
1608 1024 1684 1047 vox
1700 1014 1744 1047 ut

256 1077 426 1114 mediam
451 1078 650 1125 corripiat,
682 1076 769 1114 fieri
793 1090 869 1114 non
892 1081 1037 1126 potest.
1084 1077 1294 1115 Salmasius
1320 1082 1493 1115 extrema
1520 1091 1613 1115 voce
1630 1091 1744 1128 supe-

256 1147 375 1183 rioris
405 1158 539 1181 versus
565 1143 681 1191 (594)
708 1145 781 1182 huc
812 1149 954 1182 tracta:
993 1145 1188 1195 „Tamque
1213 1146 1306 1182 erile
1331 1145 1577 1196 imperium“.
1624 1146 1744 1183 Weis.

261 1213 354 1259 „Eri
385 1212 616 1263 imperium“
645 1226 729 1249 cum
753 1213 876 1259 hiatu,
908 1212 1062 1251 Muller.
1092 1213 1186 1261 „Eri
1210 1215 1264 1250 ita
1289 1212 1423 1263 imp.“,
1453 1214 1559 1264 quod
1584 1217 1741 1251 secutus

258 1295 354 1319 sum.
388 1300 443 1306 —
473 1277 592 1330 quod,
626 1294 718 1317 num
755 1279 931 1330 ‚‚quid''“?
961 1300 1013 1306 —
1042 1279 1186 1331 „frons
1218 1283 1285 1328 eri,
1319 1279 1426 1320 oculi
1449 1280 1573 1319 servi“
1605 1281 1744 1331 Wagn.

257 1349 441 1387 Ceterum
470 1345 590 1396 frons
630 1349 722 1386 olim
763 1353 867 1386 recte
906 1349 1265 1399 emendatum-esu
1312 1351 1352 1386 in
1383 1349 1417 1387 D
1452 1348 1630 1397 „fronos“
1666 1354 1746 1397 est3

257 1419 298 1454 in
322 1417 353 1454 B
376 1417 472 1454 mihi
497 1417 598 1453 idem
626 1417 745 1454 fuisse
770 1417 990 1463 videbatur,
1025 1417 1093 1454 secl
1117 1423 1283 1467 propter
1307 1431 1483 1455 rasuram
1509 1431 1572 1455 res
1596 1419 1747 1455 incerta

258 1489 330 1524 est.
373 1505 420 1510 —
457 1486 548 1522 585.
581 1482 676 1522 Citis
708 1481 924 1534 quadrigsis
957 1482 1088 1531 Citius,
1123 1486 1286 1523 celerius
1317 1499 1435 1535 quam
1459 1486 1565 1535 quod
1591 1486 1748 1523 celerri-

257 1567 362 1590 mum
403 1554 567 1602 cogitari
605 1556 757 1601 potest,
806 1552 852 1589 cf.
886 1552 935 1589 acl
973 1553 1114 1603 Amph.
1149 1555 1242 1591 418.
1283 1572 1337 1578 —-
1378 1555 1468 1591 586.
1520 1550 1746 1600 abstinebit.

256 1621 356 1659 liber
387 1622 462 1658 erit
492 1620 551 1658 ab.
603 1617 878 1668 „Censionem
909 1617 1100 1658 bubulam
1132 1621 1271 1659 festive
1303 1623 1458 1659 vocavit
1486 1622 1649 1659 verbera
1676 1622 1749 1659 lori

257 1689 411 1735 bubuli7
455 1689 563 1725 cuius
603 1702 766 1726 censura
798 1691 837 1726 in
869 1702 1000 1726 servos
1032 1689 1372 1727 animadvertitur.
1433 1690 1571 1739 Itaque
1603 1691 1745 1736 censio,

258 1770 344 1806 quae
368 1758 530 1806 proprie
555 1760 614 1793 est
637 1758 855 1803 aestimatio,
882 1759 1030 1804 τίμησις,
1057 1757 1118 1794 hic
1142 1762 1199 1795 est
1222 1758 1521 1804 animadversio,
1555 1755 1747 1807 τιμωρία“,

259 1824 427 1862 Turneb.
475 1823 531 1861 Cf.
558 1823 662 1862 Fest.
682 1824 754 1874 Ep.
773 1839 809 1875 p.
832 1826 901 1862 54:
940 1825 1192 1870 „Censionem
1217 1826 1344 1863 facere
1370 1825 1575 1863 dicebatur
1599 1838 1747 1872 censor,

259 1906 378 1942 quum
397 1892 557 1929 multam
575 1893 698 1941 equiti
715 1891 956 1942 irrogabat‘'.
997 1893 1102 1930 Lora
1119 1898 1248 1930 autem
1271 1895 1458 1940 „exuuiae
1475 1891 1669 1931 bubulae“
1690 1893 1748 1931 di-

260 1964 403 1997 cuntur
425 1960 542 1997 Most.
570 1961 662 2007 868,
700 1962 818 2006 „corii
834 1960 991 1997 bubuli“
1014 1961 1133 1999 Poen.
1156 1962 1245 2008 139,
1284 1963 1547 2008 „monimenta
1573 1959 1743 1998 bubula“

265 2027 388 2065 Stich.
416 2029 478 2074 67,
523 2028 700 2075 „cottabi
730 2027 888 2065 bubuli‘·
926 2028 1031 2065 Trin.
1069 2030 1187 2066 1011.
1219 2049 1275 2054 -—-
1308 2031 1399 2067 587.
1432 2029 1526 2066 Post
1556 2039 1751 2078 umquam

260 2096 394 2133 hiatus
410 2097 451 2133 in
468 2096 631 2134 diaeresi.
649 2116 705 2121 —
727 2093 887 2145 rede'qet
906 2093 947 2133 in
964 2093 1237 2145 splendorem,
1261 2097 1437 2144 terendo,
1464 2101 1508 2134 ut
1525 2097 1636 2146 Capt.
1656 2098 1748 2135 882.

376 2165 467 2201 588.
500 2174 568 2201 ero
597 2166 860 2214 posteriorem
893 2165 1075 2213 corripit;
1108 2165 1265 2203 Miiller.
1289 2179 1380 2212 „ero
1408 2164 1577 2203 amanti“
1598 2166 1749 2203 maluit.

257 2251 314 2256 —-
360 2228 482 2280 quasi
510 2245 546 2269 v.
579 2232 629 2269 ad
659 2232 799 2282 Amph.
837 2233 927 2270 159.
962 2251 1016 2256 -
1057 2234 1149 2270 589.
1200 2232 1264 2279 „Si
1303 2233 1413 2270 videt
1452 2246 1622 2270 amorem
1659 2233 1750 2283 plus

257 2312 374 2350 posse
405 2311 523 2348 quam
553 2299 701 2346 herum,
734 2300 790 2336 ita
821 2304 864 2336 ut
896 2300 1014 2337 herus
1039 2301 1222 2338 vincatur
1246 2305 1284 2339 et
1314 2299 1580 2348 succumbat“,
1613 2301 1749 2338 Lamb.

258 2387 315 2392 —
348 2369 439 2405 590.
471 2377 648 2404 noenum
673 2380 744 2404 em.
772 2367 910 2416 Wagn.
937 2372 979 2404 ut
1007 2369 1071 2406 67.
1104 2389 1160 2393 —
1190 2379 1268 2418 quo
1293 2366 1512 2417 incumbat,
1546 2379 1590 2407 eo
1622 2366 1750 2417 mpel-

260 2431 362 2482 Iere,
409 2435 457 2473 cf.
489 2434 566 2472 Cic.
600 2435 707 2473 Orat.
740 2434 817 2481 ΙΙΙ,
854 2436 922 2481 14,
958 2438 1030 2472 55;
1080 2441 1147 2482 „ut
1185 2450 1269 2483 eos,
1317 2438 1384 2487 qui
1423 2437 1610 2484 audiunt,
1658 2450 1751 2486 quo-

260 2516 414 2552 cunque
445 2502 679 2549 incubuerit,
711 2504 838 2552 possit
867 2502 1111 2552 impellere:
1171 2504 1278 2541 Alibi
1313 2506 1650 2555 „praecipitantem
1681 2505 1751 2541 im-

258 2569 447 2620 pellere“‚
486 2574 532 2608 ut
570 2570 721 2608 Cluent.
764 2571 835 2617 26,
879 2571 943 2608 70.
985 2590 1040 2596 -
1080 2573 1171 2609 591.
1219 2570 1379 2622 scirpea
1417 2570 1606 2610 induitur
1644 2576 1749 2610 recte

260 2638 402 2675 Festus
432 2652 470 2688 p.
508 2638 583 2676 166
616 2641 655 2675 et
684 2637 810 2676 Schol.
844 2637 985 2688 Crucq.
1018 2638 1066 2675 ad
1098 2639 1193 2676 Hor.
1226 2640 1306 2678 Sat.
1338 2641 1367 2687 Ι,
1401 2641 1438 2686 4,
1476 2642 1552 2678 120
1593 2644 1632 2677 et
1665 2653 1751 2677 cum

259 2705 406 2743 leviore
451 2710 581 2744 errato
621 2705 799 2744 Donat-us
845 2706 895 2743 ad
932 2705 1019 2744 Ter.
1059 2706 1182 2744 Andr.
1227 2710 1268 2754 5,
1310 2709 1355 2754 4,
1399 2709 1470 2755 383
1525 2708 1572 2745 cf.
1613 2708 1751 2745 Festus

260 2786 299 2823 p.
327 2774 427 2811 330:
478 2773 662 2823 „Scirpus
695 2778 753 2811 est
783 2773 825 2811 id
856 2773 960 2823 quod
991 2775 1032 2811 in
1062 2775 1304 2824 palustribus
1336 2775 1432 2813 locis
1463 2777 1637 2813 nascitur
1666 2775 1750 2812 leve
