1897 3171
249 205 328 244 506
916 200 1068 244 Captiui.

243 330 333 368 Ter.
358 330 513 368 Phorm.
535 332 635 367 844:
671 330 772 378 „Sed
804 342 873 378 ego
905 343 1007 366 nunc
1037 329 1130 366 mihi
1163 343 1281 376 cesso,
1317 331 1385 379 qui
1415 342 1491 366 non
1528 330 1733 366 humerum

245 398 348 434 hunc
393 411 509 435 onero
549 396 711 448 pallio“.
787 397 842 435 Cf.
876 398 1085 443 Wieseler,
1133 397 1484 445 Tlieatergebaude
1525 411 1562 435 u.
1605 397 1737 434 Denk-

246 466 367 501 maler
399 466 464 502 des
495 465 810 503 Biihnenwesens
850 480 888 515 p.
923 467 972 503 73
1016 465 1095 502 tab.
1130 465 1197 512 XI,
1232 467 1268 502 2.
1309 485 1366 490 --
1406 466 1499 503 773.
1543 465 1634 502 Post
1675 475 1737 502 me

244 532 388 570 hiatur.
450 532 645 579 F1.‚,ille“
681 534 782 580 add„
816 534 961 570 Ritsch.
995 537 1034 569 et
1060 533 1122 570 ΒΥ.
1153 531 1288 579 ,,1110(1“
1317 546 1389 570 scr.
1422 553 1477 558 —-
1510 534 1603 570 774.
1637 534 1732 569 item

244 601 377 638 hiatur
408 606 496 650 post
525 612 598 648 me,
631 603 706 639 nisi
735 606 991 651 transponas:
1031 601 1103 647 „ob
1135 601 1236 637 hunc
1267 599 1366 638 me“.
1430 602 1524 638 Post
1548 598 1736 638 uuntz'mn

245 669 376 706 hiatus
410 671 447 706 in
481 670 632 707 diaeresi
663 670 884 717 legitimus,
923 683 969 706 ne
1001 681 1085 706 cum
1119 669 1288 706 Bosscha
1320 672 1358 705 et
1391 669 1569 706 Lindem.
1607 670 1736 715 „acui-

245 736 422 774 ternum“
460 737 653 775 adsciscas
686 752 732 775 ex
766 738 940 775 Varrone
972 750 1032 786 ap.
1058 737 1247 774 Priscian.
1273 737 1322 783 II,
1354 739 1415 783 ll,
1447 738 1509 783 62,
1543 750 1579 785 p.
1610 738 1658 773 81
1687 736 1734 774 H.

359 808 451 842 775.
499 806 621 855 Hegio
661 806 832 844 advenit.
908 805 1200 854 AEgritudinem
1241 818 1349 842 suam
1392 806 1544 842 cantico
1583 805 1738 854 profert

244 875 397 911 creticis
422 874 502 910 fere
533 877 704 911 numeris
736 875 964 923 composito,
999 886 1165 921 quorum
1198 874 1362 909 maxima
1395 886 1486 922 pars
1518 873 1736 910 bacchiacis

243 943 486 978 tetrametris
511 942 764 988 describitur,
796 943 916 978 tertio
940 945 1093 979 tantum
1119 941 1278 978 brevior
1303 941 1477 978 clausula
1495 940 1656 978 additur
1682 937 1734 989 (v.

246 1005 358 1058 778),
388 1011 467 1047 782
500 1014 591 1058 post
618 1010 791 1047 iambum
817 1014 855 1046 et
883 1010 981 1047 duos
1009 1011 1176 1046 creticos
1202 1009 1465 1046 choriambum
1493 1009 1620 1054 habet,
1656 1010 1734 1045 784

245 1079 472 1127 spondeum.
506 1099 561 1102 -—
600 1080 693 1115 776.
726 1075 827 1115 milei
857 1079 919 1115 vel
951 1079 1001 1114 mi
1035 1091 1116 1115 curn
1150 1077 1328 1126 proxima
1359 1077 1508 1125 syllaba
1539 1078 1734 1115 coalescit.

245 1145 401 1183 auctm-
431 1148 609 1184 ultimam
644 1147 839 1195 producit,
872 1160 906 1183 v.
942 1146 1095 1193 Proleg.
1130 1158 1167 1194 p.
1201 1147 1275 1183 195
1305 1159 1361 1194 sq.
1395 1165 1449 1170 --
1482 1147 1575 1183 777.
1609 1142 1736 1183 subli—

246 1215 341 1253 tum.
383 1219 471 1252 cett.
506 1215 632 1260 codd„
675 1215 721 1252 cf.
758 1216 849 1252 650.
881 1235 936 1239 -—
975 1215 1068 1252 779.
1115 1215 1199 1251 {mn
1231 1213 1409 1250 Lindem.
1446 1213 1611 1259 addidit,
1645 1214 1733 1251 coll.

243 1282 384 1320 Bacch.
423 1284 496 1320 143
573 1285 700 1320 t'asin.
738 1284 826 1320 139.
888 1283 1045 1320 Trucul.
1084 1284 1173 1320 192.
1206 1301 1261 1306 —-
1298 1283 1390 1319 781.
1432 1279 1578 1319 ductus
1610 1281 1734 1320 codd..

243 1352 371 1399 quod,
420 1354 449 1387 si
487 1350 725 1401 „deceptus‘'
773 1352 1026 1398 intelligitur,
1075 1352 1248 1400 ineptam
1293 1350 1549 1398 tautologiam
1598 1349 1734 1394 habet,

245 1417 387 1456 doctas·
421 1425 459 1456 et
499 1420 564 1455 alii
605 1419 863 1456 emendarunt
901 1424 940 1456 et
970 1420 1122 1465 Dousa,
1170 1420 1216 1456 cf.
1249 1419 1355 1456 Pers.
1392 1420 1490 1455 593:
1542 1431 1637 1467 „ego
1668 1418 1735 1454 ille

245 1488 380 1525 doctus
420 1489 506 1524 leno
545 1501 670 1537 paene
708 1488 746 1524 in
787 1488 939 1525 foueam
981 1486 1149 1525 decidi“.
1224 1487 1364 1524 Bacch.
1407 1487 1498 1524 691.
1539 1506 1594 1510 ——
1643 1483 1738 1535 quoi

246 1557 330 1593 eod.
367 1557 461 1593 Brit.
498 1560 535 1592 et
566 1556 596 1592 Β
630 1570 704 1593 sec.
741 1570 788 1594 m.
831 1576 886 1581 —
933 1558 1026 1593 782.
1074 1557 1128 1594 Ut
1168 1558 1321 1604 integer
1350 1554 1463 1591 fieret
1494 1558 1734 1599 tetrameter,

244 1624 323 1662 Fl.:
362 1638 497 1673 ..quem
532 1626 588 1661 ire
619 1623 776 1669 uideo“,
810 1626 875 1661 vix
905 1629 1023 1661 recte.
1053 1645 1108 1649 —-
1140 1626 1232 1662 783.
1273 1619 1471 1669 Conlech,
1505 1636 1539 1659 v.
1567 1622 1615 1659 ad
1641 1623 1734 1660 772.

242 1693 302 1729 Ad
337 1693 395 1729 est
419 1693 482 1729 ΒΓ.
509 1693 680 1729 contulit
706 1692 783 1730 Cic.
811 1692 893 1730 (lat.
920 1695 1008 1731 mai.
1041 1693 1101 1739 10,
1137 1694 1207 1729 34:
1245 1696 1312 1739 „ut
1339 1693 1468 1742 capite
1499 1695 1639 1740 operto
1671 1691 1733 1728 sit.

357 1762 436 1797 784-
478 1764 523 1797 ut
561 1763 715 1809 integer
752 1765 985 1798 tetrameter
1025 1761 1254 1798 bacchiacus
1299 1759 1429 1805 fieret,
1476 1758 1536 1796 Fl.
1581 1756 1729 1805 ,.nunc‘'

243 1829 396 1866 addidit
434 1833 522 1878 post
569 1827 780 1874 „moram“.
843 1829 974 1867 Gertz.
1012 1829 1235 1879 „Ergasile,
1277 1827 1370 1865 sis‘'.
1432 1827 1617 1864 Proxima
1648 1839 1733 1876 sep-

240 1899 405 1934 tenariis
436 1897 650 1934 trochaicis
681 1899 828 1948 scripta
859 1902 961 1935 sunt.
994 1917 1047 1922 —
1081 1900 1174 1936 785.
1208 1894 1353 1934 11111101·
1382 1896 1442 1934 Fl.
1476 1910 1569 1942 em.;
1607 1895 1735 1942 „Emi-

243 1964 338 2002 nor‘*
375 1968 476 2003 enim
510 1966 606 2002 nihil
641 1970 718 2012 est,
767 1980 813 2003 ex
844 1979 1020 2016 personae
1053 1970 1149 2003 nota
1181 1969 1308 2003 ortum
1352 1965 1528 2011 videtur,
1575 1968 1619 2001 ut
1653 1965 1730 2001 793

247 2033 480 2079 „eminatio“
532 2047 578 2070 ex
629 2039 711 2073 ..est
750 2035 954 2071 mi11ati0“.
1030 2034 1176 2072 Versus
1223 2047 1338 2071 causa
1376 2032 1435 2070 Fl.
1474 2034 1548 2079 „mi
1587 2032 1728 2070 hodie‘’

240 2103 411 2150 scripsit.
474 2102 535 2139 ΒΓ.
575 2103 649 2147 „mi
680 2101 781 2139 hic“.
815 2122 870 2127 —
903 2103 995 2140 786.
1030 2100 1100 2151 qui
1131 2102 1325 2139 Gruterus
1351 2115 1423 2138 em.
1452 2121 1506 2125 -
1538 2103 1630 2138 787.
1665 2111 1734 2139 ore

238 2167 376 2216 sistes,
420 2182 567 2218 pronus
597 2172 637 2207 in
669 2184 712 2208 os
745 2171 877 2216 cadet,
926 2172 972 2208 cf.
1007 2171 1117 2208 Curc.
1153 2173 1245 2208 287.
1307 2171 1392 2208 Μ11.
1427 2171 1525 2207 848:
1580 2171 1731 2219 „capite

239 2240 429 2275 sistebant
471 2238 596 2275 cadi&
661 2234 850 2287 (Verbum
894 2240 989 2276 alibi
1031 2252 1186 2289 semper
1223 2240 1476 2276 transitivum
1516 2242 1596 2284 est,
1642 2251 1730 2274 nam

239 2307 342 2355 apud
376 2306 583 2343 Manilium
616 2307 713 2343 falso
746 2306 982 2354 legebatur.)
1044 2307 1163 2345 Stich.
1199 2308 1299 2344 287ε
1353 2306 1416 2352 „Si
1457 2319 1523 2343 rex
1556 2306 1729 2343 obstabit

237 2374 414 2420 obuiam,
469 2388 597 2424 regem
644 2376 770 2423 ipsum
819 2377 928 2424 prius
978 2374 1241 2424 pe1·uortito‘'.
1327 2374 1509 2411 Ceterum
1550 2375 1580 2411 B
1620 2376 1730 2424 prius

242 2447 379 2489 „are‘';
413 2457 515 2480 man.
541 2457 616 2480 sec.
649 2456 670 2479 o
701 2443 998 2492 suprascripsit,
1030 2444 1173 2480 deinde
1216 2440 1514 2492 „pugillatuin“.
1552 2463 1595 2467 —
1635 2444 1727 2480 788.

237 2511 315 2548 Pro
347 2511 391 2548 m
422 2512 504 2548 cod.
532 2512 628 2548 Brit.
667 2515 734 2558 „ut
764 2510 854 2558 ut‘·;
886 2511 945 2548 Fl.
972 2509 1030 2549 ita
1062 2526 1132 2549 em.
1164 2532 1209 2536 —
1244 2509 1392 2549 itinera
1414 2508 1614 2548 insistant
1638 2520 1747 2565 sna.³

236 2579 300 2616 Br.
335 2580 483 2616 confert
530 2580 623 2617 Cist.
660 2581 751 2617 507.
819 2579 903 2617 Μ11.
938 2581 1030 2616 793.
1087 2579 1175 2616 add.
1210 2580 1317 2616 Asin.
1355 2580 1417 2616 53.
1456 2599 1512 2604 -—
1549 2577 1592 2616 όν
1625 2575 1730 2616 hamc

228 2644 411 2695 plateam
432 2647 619 2697 Geppert.
649 2661 719 2684 em.
745 2668 799 2671 -—
827 2649 920 2685 790.
954 2647 1027 2693 Qui
1053 2649 1091 2684 in
1116 2648 1214 2684 hanc
1238 2649 1408 2696 plateam
1436 2661 1537 2684 nunc
1565 2649 1725 2684 venerit.

236 2716 290 2762 is,
323 2717 471 2765 inquit,
512 2720 591 2753 tam
633 2716 884 2753 vehementer
914 2716 1155 2764 pulsabitur,
1199 2730 1314 2765 quam
1348 2717 1380 2752 si
1412 2715 1503 2752 belli
1535 2715 1727 2751 machinis

233 2783 410 2821 feriatur.
504 2780 680 2833 Petymcs
733 2798 816 2822 cum
871 2780 1037 2821 ballista
1084 2796 1241 2832 magnos
1286 2783 1436 2833 lapides
1481 2784 1725 2833 proliciente,
