1854 3188
226 208 277 247 78
903 203 1026 237 Plauti
1476 200 1520 243 Π,
1533 202 1565 241 3,
1579 200 1713 236 20-36

818 328 1122 370 Nicobulus

225 400 337 450 Quid
367 401 441 453 ita,
473 400 652 443 obsecro
682 400 856 442 hercle?

821 471 851 513 C
866 472 960 526 hry
972 486 989 512 s
1001 486 1025 512 a
1037 471 1089 512 lu
1101 486 1119 513 5

910 543 1019 593 Quia
1051 543 1204 598 edepol
1235 547 1354 585 certo
1388 543 1488 594 scio,

221 616 452 668 Uolcanus,
481 616 617 668 Luna,
652 615 736 667 Sol,
767 616 882 666 Dies,
915 615 957 656 di
989 620 1210 669 quattuor,

224 688 529 731 Scelestiorem
559 688 725 730 nullum
757 687 951 728 inluxere
984 687 1179 728 alterum.

816 758 854 799 N
866 759 880 799 i
893 773 914 799 c
926 773 948 800 0
961 759 987 800 b
1000 759 1051 799 ul
1063 774 1091 800 u
1103 774 1121 800 5

225 832 420 882 Quamne
451 831 829 873 Archidemidem?

819 901 849 943 C
860 901 918 943 111Ι
929 917 954 956 y
966 917 983 943 s
995 902 1044 943 al
1057 917 1083 943 u
1098 917 1116 944 s

822 973 972 1023 Quam,
1005 975 1194 1029 inquam.
1225 973 1588 1015 Archidemidem.

823 1058 1119 1099 Nicobulus

223 1132 336 1182 Quid
366 1131 497 1173 fecit‘?

823 1201 1116 1255 Chrysalus

566 1273 678 1323 Quid
708 1288 793 1316 non
823 1273 952 1315 fecit?
985 1275 1087 1327 quin
1118 1278 1166 1315 tu
1196 1273 1240 1314 id
1271 1287 1338 1315 me
1368 1274 1528 1328 rogas?
1647 1284 1714 1318 255

219 1347 516 1389 Primumdum
547 1345 710 1388 infitias
740 1347 803 1387 ire
836 1347 981 1400 coepit·
1012 1346 1113 1397 filio,

217 1420 389 1474 Negare
422 1433 466 1461 se
500 1419 657 1460 debere
689 1418 769 1460 tibi
800 1418 1048 1460 triobolum.

220 1491 435 1534 Continuo
467 1491 694 1543 antiquom
724 1489 943 1544 hospitem
974 1494 1172 1531 nostrum
1203 1489 1286 1530 sibi

217 1563 512 1606 Mnesilochus
545 1563 789 1613 aduocauit,
821 1562 1079 1615 Pelagonem
1111 1575 1280 1613 senem3

216 1637 280 1677 Eo
313 1639 540 1690 praesente
571 1634 735 1676 homini
769 1633 984 1688 extemplo
1019 1633 1211 1675 ostendit
1243 1632 1498 1687 symbolum,
1648 1644 1714 1677 260

219 1708 354 1758 Quem
384 1711 479 1749 tute
512 1706 696 1748 dederas
729 1706 784 1747 ad
817 1720 913 1747 eum
944 1710 991 1746 ut
1023 1704 1155 1747 ferret
1186 1704 1289 1747 filio.

772 1795 779 1802 ‘
820 1793 1119 1834 Nicobulus

221 1867 346 1919 Quid,
379 1867 453 1909 ubi
485 1868 523 1908 ei
556 1866 748 1908 ostendit
779 1865 1051 1919 symbolum?

820 1952 848 1993 C
865 1951 987 2005 hrys
1001 1950 1117 1992 alus

1107 2022 1209 2064 Infit
1241 2023 1383 2065 dicere

218 2097 519 2139 Adulterinum
551 2102 595 2139 et
624 2110 709 2138 non
740 2102 865 2137 tuum
896 2109 989 2137 0550
1021 2095 1284 2149 symbolum3

222 2169 422 2222 Quotque
453 2169 675 2211 innocenti
708 2169 747 2209 01
780 2168 888 2209 dixit
920 2166 1223 2208 contumelias!

222 2241 499 2294 [Adulterare
532 2255 631 2282 eum
662 2239 809 2282 aiebat
839 2239 969 2280 rebus
1003 2238 1194 2292 ceteris]
1649 2249 1715 2282 265

815 2325 982 2367 Nicob
998 2326 1120 2366 ulus

219 2400 410 2442 Habetin
442 2399 625 2440 aurum‘?
657 2398 702 2440 id
733 2397 838 2439 1111111
871 2398 956 2438 dici
988 2398 1101 2439 uolo.

822 2483 1120 2539 Chrysalus

218 2559 457 2613 Postquam
489 2557 664 2613 quidem
695 2562 876 2612 praetor
905 2561 1235 2610 recuperatores
1269 2555 1399 2608 dedit,

314 2730 378 2761 252
406 2728 460 2761 501
484 2728 572 2761 luna
599 2727 675 2761 dies
703 2727 775 2760 diei
801 2732 978 2769 quattuor
1103 2727 1167 2760 25ss
1194 2726 1293 2770 cepit
1423 2726 1488 2759 257
1512 2723 1715 2758 triobulum

220 2786 286 2820 263
311 2797 388 2818 non
415 2796 496 2818 eum
523 2796 602 2818 esse
697 2785 764 2818 264
789 2783 961 2827 quodque
990 2781 1019 2816 O
