1854 3188
191 207 254 252 IV,
270 210 302 253 2,
321 209 498 243 102—109
863 206 1017 250 Captiui.

789 333 824 373 E
834 347 855 373 r
867 347 892 386 g
905 347 929 374 a
941 346 958 374 s
970 333 984 374 i
996 332 1010 373 1
1021 347 1048 374 11
1061 346 1079 373 s

459 398 526 455 Νὴ
554 398 627 442 τάν
656 397 917 456 Πραινέστην.

851 498 889 540 Η
901 513 921 540 e
934 499 1017 552 gio

990 571 1148 613 Uenit‘?

789 667 1081 720 Ergasilus

851 811 889 851 H
903 825 925 852 e
938 811 1023 865 gio

189 884 347 926 Certen
359 885 378 925 P

791 955 826 996 E
836 970 857 996 1·
867 969 892 1008 g
905 968 930 996 a
941 969 959 997 s
972 954 1009 996 il
1020 970 1047 996 u
1059 969 1077 996 s

459 1021 523 1077 Νὴ
552 1021 624 1065 τὰν
655 1024 926 1078 Φρουσινῶνα.

850 1122 889 1163 Η
901 1135 922 1162 e
934 1122 982 1174 gi
994 1136 1016 1163 o

934 1192 1043 1235 Uide
1075 1193 1145 1235 sis.

800 1288 1081 1342 Ergasilus

848 1432 1019 1485 Hegio

186 1504 299 1555 Quid
331 1509 380 1547 tu
412 1519 490 1559 per
521 1503 775 1546 barbaricas
807 1504 926 1546 urbis
959 1504 1106 1546 iuras?

795 1599 1081 1652 Ergasilus

1225 731 1292 787 Νὴ
1321 750 1394 775 ταν
1424 738 1595 788 Σιγνιαν.

1252 1361 1298 1399 N
1297 1354 1319 1410 ἦ
1348 1354 1420 1398 τάν
1447 1352 1680 1412 Ἀλοίτριον.

1077 1669 1188 1720 Quia
1221 1672 1333 1714 enim
1363 1673 1468 1714 item
1501 1686 1681 1726 asperae

185 1741 307 1793 Sunt5
339 1746 388 1784 ut
418 1747 541 1784 'cuum
572 1743 736 1784 uictum
767 1742 1027 1785 autumabas
1061 1757 1169 1785 esse.

850 1829 1015 1883 Hegio

796 1973 1078 2027 Ergasilus

1241 1902 1332 1944 Uae
1363 1903 1498 1944 aetati
1529 1907 1630 1945 tuae
1645 1904 1651 1944 ἱ

184 2043 366 2098 Quippe,
399 2044 572 2097 quando
602 2045 708 2086 mihi
733 2045 842 2086 nihil
867 2045 1017 2096 eredis,
1050 2046 1168 2100 quod
1195 2060 1274 2100 ego
1303 2047 1397 2088 dieo
1424 2047 1586 2089 sedulo.
1613 2059 1681 2092 880

186 2114 272 2156 Sed.
302 2115 546 2170 Stalagmus
580 2118 734 2172 quoius
766 2121 859 2159 erat
891 2123 993 2159 tunc
1024 2119 1231 2170 nationis,
1265 2134 1396 2173 quom
1428 2119 1526 2160 hine
1559 2119 1680 2161 abit?

848 2204 1014 2258 Hegio

183 2274 366 2316 Siculus.

790 2347 1070 2401 Ergasilus

422 2418 476 2460 At
505 2431 619 2460 nune
651 2418 823 2461 Siculus
855 2434 941 2461 non
974 2425 1058 2472 est3
1092 2421 1226 2463 Boius
1259 2426 1345 2473 est3
1377 2421 1518 2463 boiam
1552 2422 1677 2473 terit3

180 2489 437 2532 Liberorum
469 2491 823 2544 quaerundorum
855 2506 987 2534 eausa
1021 2494 1070 2544 ei,
1104 2492 1245 2535 eredo.
1276 2508 1383 2535 uxor
1416 2493 1571 2534 datast.

271 2674 338 2707 876
363 2677 487 2708 netam
510 2678 720 2718 prenestem
790 2678 902 2710 netan
928 2677 1093 2721 sig-neam

1162 2679 1228 2711 877
1254 2686 1378 2711 ueram
1404 2676 1631 2711 frusinonem

179 2733 302 2763 neham
327 2729 499 2764 alatrium
575 2733 638 2765 831
667 2743 738 2776 quo
764 2733 818 2767 uis
899 2745 981 2768 eum
1006 2734 1064 2769 hio
1091 2734 1181 2768 abiit
1259 2735 1325 2767 852
1352 2732 1387 2766 Si
1415 2733 1529 2767 euius.
1558 2733 1599 2766 E.
1626 2733 1677 2767 Et

181 2796 278 2820 nune
305 2786 336 2819 si
361 2788 462 2820 euius
