1897 3171
738 217 778 251 V.
805 218 994 251 868-897.
1536 221 1557 258 5
1566 221 1584 258 1
1593 221 1615 258 5

120 349 244 386 Andr.
281 349 380 387 146:
432 361 527 397 „ego
568 346 666 385 illud
707 346 843 383 sedulo
874 360 1016 395 negare
1048 346 1233 383 factum‘&
1296 346 1420 383 Lucil.
1453 345 1614 393 XXVII,

127 420 167 455 l:
228 417 418 465 „salutem
463 416 565 453 fictis
611 414 787 452 versibus
833 414 1005 451 Lucilius
1060 415 1199 463 quibus
1245 419 1377 464 potest
1422 416 1615 464 impertit,

121 490 327 535 totumque
358 485 431 522 hoc
463 484 634 521 studiose
670 487 709 519 et
739 482 918 520 sedu10“.
982 483 1111 520 Plaut.
1146 482 1261 533 Epid.
1296 485 1399 520 290:
1452 483 1616 529 „faciam

122 552 297 592 sedulc“.
357 552 459 590 Rud.
495 553 587 589 242.
649 551 737 588 Ter.
770 550 844 588 Ad.
879 552 981 587 413:
1019 551 1108 596 „Fit
1139 549 1317 589 sediilo⁴‘.
1373 551 1477 588 Pers.
1514 552 1614 589 840:

126 623 286 671 „sedulo
329 619 512 659 curabo“.
547 621 596 658 al.
647 640 693 644 -
738 619 829 657 881.
872 616 1017 667 quoius
1048 622 1086 655 et
1125 616 1221 657 hinc
1263 620 1356 656 olim
1397 619 1615 656 emendata.

122 688 205 730 abit
234 690 362 736 Both„
404 703 439 727 V.
474 691 567 727 281.
614 708 662 714 ——
712 688 805 726 882.
858 683 1024 724 Siculus
1067 691 1104 723 et
1142 683 1201 723 At
1238 687 1328 723 olim
1373 687 1523 724 emend.
1563 707 1619 712 -—

122 760 362 807 Stalagmum
395 754 487 795 boia
517 758 692 794 vinctum
726 769 809 793 esse
841 756 957 801 dicit,
991 769 1025 792 v.
1058 755 1167 792 Asin.
1202 756 1295 792 544.
1359 755 1487 802 Servi,
1522 769 1618 804 quos

121 829 276 866 vincula
308 827 497 864 tenebant
528 828 567 862 et
598 825 797 871 terebant,
846 824 920 873 ipsi
961 824 1035 861 sibi
1067 827 1224 860 catenas
1256 828 1391 860 tenere
1424 828 1462 860 et
1492 827 1619 860 terere

122 896 353 934 dicebantur
385 893 445 941 (ut
479 895 557 931 646
591 891 828 940 custodire),
862 893 908 930 cf.
940 893 1028 929 Aul.
1066 894 1156 929 587.
1219 892 1325 929 Pers.
1352 893 1455 929 421:
1493 905 1618 935 „com-

121 963 279 1014 pedium
310 960 469 1000 tritor“.
531 962 638 999 Trin.
686 962 811 999 1022:
864 958 1104 1007 „ferrum-1⁴⁶.
1179 960 1295 997 Most.
1330 962 1431 997 732:
1484 961 1619 1006 „ferri-

121 1028 304 1069 te1·ium“.
355 1033 455 1068 349:
492 1029 824 1078 „ferritribaces“.
871 1029 947 1066 Sed
982 1029 1108 1066 terere
1139 1030 1257 1065 etiam
1292 1029 1473 1065 obscoeno
1505 1042 1618 1065 sensu

122 1099 326 1138 dicebatur
357 1100 404 1136 de
436 1099 646 1137 concubitu
680 1096 745 1145 (cf.
778 1098 898 1147 Prop.
931 1097 1000 1143 III,
1037 1098 1098 1143 11,
1134 1092 1215 1145 30).
1277 1096 1391 1134 Unde
1423 1097 1620 1147 parasitus

123 1169 345 1206 scurriliter
388 1168 527 1205 ludens
573 1167 704 1204 boiam
754 1167 788 1203 ei
834 1179 997 1203 uxorem
1043 1178 1125 1202 esse
1166 1165 1280 1211 dicit,
1330 1167 1538 1215 ipsumque
1580 1178 1620 1201 se

122 1240 265 1288 putare
295 1237 400 1274 Boiae
440 1237 610 1273 nationis
644 1249 689 1272 ex
722 1234 852 1272 Gallia
884 1234 1076 1283 cisalpina
1108 1247 1202 1271 esse.
1244 1254 1292 1259 —
1345 1233 1438 1271 844.
1488 1229 1624 1270 bomm

121 1302 222 1354 fide,
270 1306 317 1342 cf.
358 1305 446 1343 Aul.
489 1305 583 1342 765.
638 1324 694 1329 —
740 1302 836 1341 886.
889 1312 1007 1351 quom
1053 1299 1201 1348 iurem,
1256 1315 1345 1339 nam
1393 1303 1541 1339 iuravit
1585 1315 1646 1338 v..

125 1375 203 1411 874
236 1387 320 1424 sqq.
359 1393 414 1398 --
456 1374 549 1411 889.
583 1368 815 1417 cellarium,
857 1371 964 1408 cellae
1003 1371 1251 1421 praefectum,
1295 1370 1340 1407 cf.
1373 1369 1621 1419 Marquardt,

122 1442 525 1481 Privatalterthiimer
555 1442 584 1488 I,
618 1456 655 1491 p.
694 1440 783 1478 161.
827 1460 882 1465 --
922 1440 1015 1478 890.
1054 1435 1191 1484 Ναφνις
1239 1443 1327 1475 ante
1358 1438 1432 1474 hoc
1465 1438 1621 1475 audias:

127 1512 270 1559 „Recte
286 1515 330 1548 tu
348 1507 546 1560 quidem“,
575 1510 652 1547 vid.
673 1509 721 1547 ad
738 1509 828 1546 Aul.
849 1509 942 1546 470.
989 1505 1320 1553 mantiscinatus,
1354 1519 1428 1543 vox
1446 1506 1624 1543 inaudita

123 1585 162 1617 et
200 1580 370 1618 fortasse
403 1582 598 1629 corrupta.
681 1578 897 1616 Salmasius
933 1574 1248 1626 „panticinatus“
1287 1576 1472 1621 coniecit,
1526 1575 1626 1621 „nisi

122 1650 311 1698 pantices,
344 1649 369 1686 i.
395 1662 427 1686 e.
459 1651 638 1684 ventrem
669 1644 929 1696 implevero“.
1000 1644 1076 1682 Sed
1108 1644 1281 1681 nondum
1314 1644 1353 1680 in
1387 1657 1433 1680 eo
1467 1646 1525 1679 est
1557 1656 1624 1692 pa-

123 1719 267 1755 rasitus
307 1720 352 1754 ut
389 1722 566 1753 ventrem
607 1715 782 1765 impleat,
833 1727 964 1750 cenam
1005 1717 1216 1763 paraturus
1248 1715 1328 1758 est3
1376 1711 1625 1748 desideratur

124 1799 346 1836 sumpsero,
393 1797 645 1835 prompsero,
693 1783 900 1833 imperium
947 1794 1174 1826 exercuero,
1224 1784 1291 1817 aut
1339 1780 1467 1817 simile
1514 1778 1623 1828 quid.

123 1854 264 1904 Itaque
298 1853 402 1904 quod
434 1854 613 1903 plerique
649 1853 894 1902 scripserunt
930 1847 1274 1897 „ma11ticinatus“,
1310 1863 1331 1885 a
1361 1849 1477 1896 μάντι,
1512 1849 1623 1896 quasi

124 1923 382 1968 vaticinatus,
427 1923 545 1958 etiam
577 1922 609 1958 si
642 1920 842 1958 credibilis
875 1924 975 1955 esset
1010 1919 1116 1955 verbi
1150 1918 1361 1962 formatio,
1409 1916 1512 1966 quod
1546 1929 1624 1953 non

127 1996 196 2036 est,
229 1994 362 2027 tamen
394 2004 414 2027 a
446 1991 521 2027 loci
555 2003 671 2026 sensu
705 1989 949 2025 abhorreret.
1001 1985 1341 2033 „Manticulandi“
1380 1990 1509 2022 autem
1541 1997 1626 2020 ver-

125 2059 229 2106 bum,
264 2059 311 2096 de
344 2072 422 2108 quo
454 2059 533 2096 vid.
567 2057 672 2095 Fest.
706 2072 743 2108 p.
778 2058 867 2103 133,
903 2060 946 2092 ut
980 2055 1266 2100 substituatur,
1300 2067 1369 2091 nec
1397 2065 1531 2090 sensus
1556 2065 1627 2088 nec

127 2128 280 2164 numeri
319 2127 462 2164 ferunt.
494 2146 550 2150 ——
580 2123 687 2174 susti
708 2122 886 2173 pecl‘iw,
935 2124 980 2160 cf.
1018 2127 1156 2172 „pecte
1186 2119 1354 2173 ῥιιὲῐιίειι
1390 2122 1495 2158 Men.
1532 2121 1624 2157 996.

128 2196 249 2234 Poen.
271 2197 362 2234 355.
411 2195 648 2232 Verberibus
673 2207 713 2230 se
741 2193 900 2241 dignum
929 2192 1035 2238 dicit,
1069 2192 1145 2228 nisi
1172 2205 1270 2241 opus
1297 2190 1371 2227 sibi
1398 2190 1624 2238 impositum

126 2265 251 2313 probe
283 2267 532 2313 exsequatur.
565 2282 620 2287 —-
661 2263 754 2300 891.
797 2257 1025 2308 dapi‘nabo,
1060 2274 1081 2297 a
1113 2260 1300 2309 dapibus,
1336 2257 1520 2295 Plautina
1552 2269 1627 2292 vox

127 2333 200 2370 hoc
232 2345 310 2369 uno
340 2332 426 2369 loco
458 2332 570 2368 lecta.
602 2350 658 2355 —-
698 2331 791 2367 892.
833 2324 1031 2377 Sponden
1061 2332 1155 2366 cett.
1190 2327 1302 2365 codd.
1338 2345 1387 2350 —-
1431 2326 1522 2361 893.
1566 2334 1627 2360 re-

129 2397 313 2449 spondeo
345 2400 492 2437 dicitur
530 2404 574 2436 ut
611 2399 839 2448 restipulor.
908 2397 1046 2434 Placet
1085 2397 1159 2433 sibi
1192 2396 1355 2432 Plautus
1389 2395 1426 2429 in
1460 2392 1626 2441 stipula-

128 2469 249 2506 tionis
279 2468 343 2505 vel
373 2468 600 2517 sponsionis
639 2467 826 2513 formula,
864 2480 900 2503 v.
933 2465 982 2503 ad
1015 2465 1102 2502 Aul.
1138 2466 1231 2501 248.
1273 2483 1327 2488 ——
1369 2461 1462 2498 894.
1505 2459 1628 2507 pose-Q

131 2536 255 2582 codd.,
289 2536 353 2573 Br.
391 2533 586 2586 ‚,potest“,
622 2537 686 2572 vix
717 2548 888 2572 necesse.

247 2606 340 2642 895.
372 2605 416 2641 In
449 2604 562 2641 codd.
596 2604 707 2652 quasi
740 2617 850 2641 novae
884 2615 1005 2640 scenae
1037 2601 1177 2638 titulus
1201 2598 1483 2648 praescribitur.
1531 2592 1630 2633 Illic

132 2670 225 2712 hmo
256 2670 376 2720 abiit,
417 2673 464 2709 cf.
497 2672 630 2709 Aulul.
665 2672 759 2710 257.
803 2691 856 2696 —
899 2672 992 2708 896.
1034 2666 1169 2714 collos,
1201 2681 1237 2704 v,
1273 2668 1365 2703 356.
1422 2661 1629 2713 teyoribus

132 2741 348 2787 Turnebus,
381 2741 461 2778 vid.
479 2741 528 2777 ad
555 2742 650 2778 910.
674 2760 729 2765 -
763 2741 841 2777 897
875 2753 959 2788 sqq.
991 2737 1196 2774 Parasitus
1227 2736 1267 2771 in
1299 2734 1473 2784 pernicie
1504 2745 1628 2782 penus

132 2809 209 2846 sibi
253 2809 418 2859 placens
465 2808 796 2846 alliterationibus
842 2807 1025 2844 exsultat.
1100 2803 1241 2852 Itaque
1286 2798 1469 2839 Summis
1514 2813 1630 2836 causa

1291 2876 1356 2910 33*
