1897 3171
759 171 800 205 V.
829 172 1019 205 246—276.
1553 172 1602 211 39
1610 172 1632 211 5

139 299 369 350 peregrinus
399 299 518 337 homo
553 312 574 336 a
605 299 783 337 Romano
816 301 898 337 cive
930 299 1083 349 aliquid
1112 300 1287 349 petebat,
1321 301 1401 337 sive
1434 313 1480 337 ex
1512 300 1633 337 inter-

143 367 249 404 dicto
293 367 520 405 certabatur
560 370 628 405 aut
669 367 717 404 de
756 367 896 405 fraude
939 367 1149 405 manifesta
1194 368 1401 417 agebatur,
1448 371 1492 406 ut
1530 367 1632 406 Rud.

144 437 272 484 1282,
317 435 386 472 ubi
422 435 511 473 leno
550 435 742 485 puellam,
790 449 908 485 quam
954 435 1145 473 arrabone
1191 439 1350 485 accepto
1390 436 1632 482 vendiderat,

139 517 270 542 secum
301 503 482 550 abduxit,
529 506 679 553 praetor
716 507 1033 552 recuperatores,
1080 503 1313 553 plerumque
1343 507 1425 541 tres
1456 518 1632 550 numero,

140 572 274 610 dabat.
309 591 358 596 —
393 573 486 609 269.
534 567 749 610 Ducentos
781 568 1022 621 Philippum
1061 572 1101 609 ct
1136 568 1266 619 mille,
1315 573 1368 609 sic
1407 573 1636 622 transposui

139 653 277 678 versus
308 653 443 686 causa,
482 639 650 677 Pareus:
687 640 821 687 „Mille
853 644 891 677 et
923 640 1111 677 ducentos
1142 637 1422 689 Philippum“;
1462 641 1634 679 Ritsch.:

145 708 280 757 „Mille
312 710 350 744 et
381 706 572 744 ducentos
602 706 850 758 Philippos“,
883 711 927 744 ut
959 709 1052 746 227.

255 777 349 813 270.
385 786 569 825 puymzm
602 773 711 823 (lare,
746 775 793 813 cf.
827 775 876 812 ad
908 775 1020 825 Capt.
1057 777 1150 814 580.
1190 776 1290 814 infra
1325 777 1423 814 354:
1477 777 1636 824 „turbas

140 841 282 882 dabo“.
311 863 369 868 —
408 844 501 880 271.
550 840 750 882 Etiamne
790 843 850 881 cst
889 841 990 893 quid
1016 840 1181 892 porro?
1239 845 1491 882 Indefinitum
1526 843 1634 893 quid,

140 913 189 950 cf.
221 912 330 949 Most
367 912 467 949 737:
528 912 632 958 „Iam
673 911 721 948 de
752 912 837 948 istis
868 912 986 949 rebus
1017 916 1151 949 uoster
1182 913 1277 962 quid
1309 915 1429 950 sensit·
1459 911 1633 950 senex?“'v

140 981 283 1019 Pseud.
323 981 394 1018 29:
456 979 560 1027 „An,
604 979 766 1017 obsecro
812 979 961 1027 hercle,
1004 980 1151 1017 habent
1196 994 1292 1030 quas
1339 982 1511 1029 gallinae
1557 995 1637 1019 ma-

138 1047 266 1087 nus‘?“
343 1047 433 1086 Aul.
484 1048 576 1085 341.
653 1047 753 1085 Rud.
803 1049 905 1086 487:
980 1050 1037 1095 „si
1083 1050 1170 1098 quis
1212 1063 1298 1086 cum
1346 1064 1390 1087 eo
1438 1050 1534 1099 quid
1580 1051 1638 1087 rei

140 1113 407 1155 conmiscuit.“
480 1115 586 1153 Trin.
623 1117 724 1153 257:
783 1121 969 1166 „reputo,
1009 1116 1075 1153 ubi
1122 1118 1189 1166 qui
1235 1121 1339 1165 eget,
1374 1132 1489 1168 quam
1534 1120 1638 1168 preti

140 1187 192 1223 sit
236 1181 388 1236 parui.“
475 1183 551 1222 Sed
603 1197 740 1221 versus
787 1185 936 1233 syllaba
981 1185 1137 1234 longior
1183 1190 1253 1223 est.
1339 1187 1488 1224 Ritsch.
1537 1186 1635 1223 Her-

140 1267 326 1292 mannum
358 1255 534 1290 secutus:
572 1252 727 1299 „Etiam
760 1253 854 1302 quid
885 1251 1084 1302 porro?“;
1118 1254 1484 1302 equidem-malim:
1530 1255 1637 1302 „Eti-

141 1335 256 1360 amne
286 1317 462 1372 porro‘?“
511 1316 595 1358 Em
627 1322 883 1358 monstrantis
915 1324 984 1368 est,
1017 1321 1095 1358 vid.
1132 1322 1182 1359 ad
1206 1322 1347 1372 Amph.
1379 1324 1472 1361 771.
1533 1323 1638 1360 Male

138 1390 273 1428 Herm.
306 1392 345 1426 et
374 1389 421 1427 R.
455 1388 634 1438 Chrysali
672 1390 794 1427 verba
832 1390 915 1427 seni
955 1390 1247 1428 continuarunt.
1310 1391 1466 1440 Optime
1508 1394 1637 1428 autem

138 1458 273 1496 Herm.
317 1454 563 1506 accipitrimc
592 1457 827 1504 emendavit,
859 1462 903 1495 ut
928 1472 1013 1495 cum
1042 1459 1231 1508 accipitre
1258 1472 1418 1496 avarum
1444 1459 1639 1509 hospitem

139 1528 399 1576 compararet.
436 1545 483 1550 —-
520 1527 613 1563 272.
647 1521 846 1575 Autolyco
877 1525 1102 1564 emendavit
1133 1527 1380 1565 Camerarius
1414 1527 1511 1564 duce
1553 1527 1639 1565 cod.

138 1595 186 1633 D.
224 1591 441 1644 „Hospes‚“
487 1594 617 1643 inquit
652 1595 740 1641 „cui
772 1607 910 1631 aurum
944 1594 1113 1641 credidi,
1161 1595 1380 1644 Autolycus
1412 1596 1513 1632 alter
1552 1595 1638 1642 fuit,

140 1663 220 1713 qul,
253 1666 297 1699 ut
322 1663 376 1699 ait
392 1661 505 1698 Hom.
525 1661 597 1699 Od.
617 1662 724 1709 XIX,
760 1663 859 1708 395,
894 1662 1114 1712 ἀνθρώπους
1151 1665 1316 1700 ἐκέκαστο
1348 1665 1565 1711 κλεπτοσώχῃ
1601 1663 1638 1699 θ’

140 1733 232 1781 ὅρκῳ
263 1745 308 1767 τε.
338 1731 428 1772 θεὸς
460 1730 497 1766 δέ
527 1730 560 1766 οῖ
591 1730 695 1772 αὐτὸς
733 1730 860 1766 ἔδωκεν
888 1731 1057 1779 Ἑρμείας.
1088 1751 1143 1755 —-
1176 1732 1268 1769 273.
1309 1727 1442 1769 Immo
1474 1745 1640 1781 pravum

141 1803 212 1838 est.
257 1799 374 1836 Both.
407 1797 570 1845 „Enim“
612 1799 830 1845 substituit,
859 1798 1010 1836 Ritsch.
1042 1797 1211 1846 „He1u“;
1260 1811 1331 1847 ego
1356 1799 1496 1846 delevi,
1530 1800 1641 1849 quasi

141 1881 188 1905 ex
219 1880 352 1904 errore
382 1867 550 1914 legentis
583 1871 724 1904 ortum.
772 1867 915 1903 Hiatus
947 1868 987 1903 in
1012 1880 1159 1904 caesura
1190 1867 1375 1905 ferendus
1402 1872 1473 1905 est.
1523 1868 1639 1905 Both.

140 1935 296 1974 Ritsch.
335 1939 513 1984 transp.:
563 1934 696 1982 „auidi
737 1933 982 1982 ingenium⁴‘.
1022 1955 1078 1960 —-
1117 1937 1211 1973 274.
1259 1935 1327 1973 R.:
1380 1936 1639 1983 „abstulimus

144 2004 310 2051 demum,
343 2004 383 2040 in
413 2016 553 2040 nauem
583 2000 893 2040 inscendi11111s“.
949 2003 1017 2040 FL-
1041 2007 1147 2041 recte
1179 2004 1370 2042 librorum
1403 2007 1640 2054 scripturam

141 2073 320 2110 retinuit.
359 2091 416 2096 --
457 2072 549 2109 275.
590 2067 722 2110 Domi
760 2071 985 2109 emendavit
1016 2072 1165 2109 Ritsch.
1199 2076 1364 2122 propter
1396 2073 1502 2110 Trin.
1538 2073 1638 2110 841:

145 2153 405 2190 „quamquam
447 2139 553 2176 domi
595 2136 733 2189 cupio“
778 2137 840 2186 (ut
878 2143 936 2176 est
973 2141 1013 2176 in
1052 2140 1087 2177 A
1127 2145 1165 2177 et
1196 2154 1258 2190 ap.
1292 2141 1436 2178 Donat.
1470 2140 1518 2176 ad
1550 2140 1638 2178 Ter.

140 2208 242 2246 Eun.
275 2209 312 2254 4,
346 2209 382 2254 7,
417 2208 482 2255 45,
520 2221 637 2257 quum
672 2210 792 2245 ceteri
828 2205 1034 2254 „domum“
1068 2208 1271 2255 habeant).
1333 2208 1428 2245 Cum
1460 2209 1641 2257 genetivo

141 2276 245 2314 idem
275 2275 439 2313 verbum
470 2277 648 2325 iungitur
678 2277 763 2314 Mil.
798 2277 899 2314 958:
938 2289 1062 2326 „quae
1095 2278 1258 2326 cupiunt
1288 2278 1387 2314 tui*'.
1431 2276 1481 2313 ib.
1520 2277 1638 2313 1043.

141 2345 231 2383 Ter.
252 2344 346 2382 Heo.
369 2345 458 2381 142.
483 2363 539 2368 —-
569 2345 698 2393 St69a‚
732 2347 848 2394 στέγη,
878 2345 1099 2382 tabulatum
1132 2347 1213 2383 sive
1246 2348 1485 2382 constratum
1518 2345 1638 2390 navis,

143 2413 191 2451 cf.
223 2412 344 2450 Stich.
378 2413 472 2450 414.
504 2432 560 2437 —-
592 2413 685 2451 276.
718 2413 861 2450 Hiatus
893 2414 933 2450 in
965 2426 1123 2451 caesura.
1185 2414 1317 2450 Herm.
1346 2416 1439 2462 post
1468 2409 1640 2448 circnm-

141 2481 279 2530 31260150
312 2480 423 2517 addit
457 2478 577 2528 ‚‚ibi“,
610 2481 760 2518 Ritsch.
799 2479 922 2528 „me“,
957 2484 1002 2518 ut
1032 2482 1141 2519 Trin.
1179 2482 1270 2518 146.
1307 2481 1398 2517 863.
1437 2499 1483 2504 -
1519 2480 1641 2528 alque

142 2550 184 2587 in
213 2550 323 2597 vulgi
354 2562 532 2586 sermone
563 2549 761 2586 interdum
794 2550 987 2600 apodosin
1017 2551 1175 2599 incipit,
1210 2552 1251 2586 ut
1284 2547 1390 2597 apud
1422 2547 1640 2584 Homerum

144 2618 204 2655 καὶ
233 2619 310 2654 τότε
341 2618 393 2663 δὴ,
424 2618 470 2655 cf.
503 2617 620 2666 Epid.
655 2618 754 2655 214:
800 2631 943 2667 „quom
978 2618 1028 2654 ad
1058 2621 1215 2667 portam
1248 2616 1382 2661 ueniO,
1416 2618 1534 2663 atque
1568 2627 1639 2663 ego

143 2686 252 2723 illam
282 2686 364 2723 illic
394 2684 550 2723 uideo“.
619 2686 737 2724 Most.
775 2687 901 2724 1033:
961 2686 1109 2732 „Quom
1142 2684 1376 2729 conuocaui,
1425 2687 1543 2732 atque
1582 2681 1641 2719 illi

145 2767 205 2791 me
244 2767 292 2791 ex
330 2757 469 2791 senatu
507 2752 755 2804 segregant“.
836 2755 958 2792 Merc.
1001 2755 1099 2791 252:
1160 2751 1396 2800 „Postquam
1444 2751 1485 2787 id
1533 2750 1641 2800 quod
