1854 3188
248 213 301 251 36
931 205 1053 239 Plauti
1465 202 1534 248 ΠΙ,
1550 204 1583 247 6,
1603 204 1736 238 13—31.

833 331 1152 384 Megadorus

253 405 365 456 Quid
396 409 444 446 tu
475 409 518 446 te
549 405 665 445 solus
698 418 719 444 e
753 408 906 444 senatu
938 403 1148 443 seuocas‘?

897 474 1081 515 Euclio

248 549 325 590 Pol
358 562 446 600 ego,
479 552 529 589 ut
558 552 602 589 te
633 561 833 588 accusem
865 547 1032 596 merito,
1064 545 1317 586 meditabar.

833 618 1151 671 Mega-dorus

1379 688 1490 738 Quid
1523 687 1616 729 esti>

901 761 1089 801 Euclio

252 838 365 888 Quid
396 838 464 887 sit,
496 850 563 877 me
594 834 786 888 rogitas?
819 833 893 886 qui
923 832 1029 873 mihi
1061 833 1197 873 omnis
1230 832 1408 886 angulos

253 910 413 950 Furum
444 907 668 962 inpleuisti
698 908 739 947 in
771 905 952 947 aedibus
983 905 1141 945 misero
1172 904 1296 956 mihi;

252 982 334 1031 Qui
367 980 469 1021 mihi
500 978 733 1020 intromisti
764 977 808 1017 in
839 977 957 1018 aedis
990 977 1245 1029 quingentos
1278 990 1440 1029 coquos
1676 988 1742 1022 545

253 1052 361 1093 Cum
394 1052 508 1094 senis
541 1050 750 1099 inanibus⁷
782 1061 939 1100 genere
971 1048 1265 1101 Geryonace03

254 1128 372 1175 Quos
403 1125 439 1165 si
469 1125 608 1176 Argus
642 1125 797 1171 seruet,
831 1121 904 1174 qui
935 1120 1112 1161 oculeus
1144 1124 1265 1161 totus
1296 1120 1390 1171 suit,

255 1197 391 1245 Quem
423 1195 638 1249 quondam
671 1194 764 1234 Ioni
794 1193 902 1233 Iuno
934 1192 1155 1233 custodem
1187 1192 1368 1242 addidit,

254 1269 295 1309 Is
327 1282 561 1320 numquam
592 1270 755 1316 seruet3
790 1269 1018 1318 praeterea
1048 1264 1282 1305 tibicinam.

255 1339 373 1389 Quae
406 1339 509 1380 mihi
539 1338 801 1379 interbibere
834 1336 937 1386 sola,
968 1336 1002 1377 si
1034 1336 1135 1376 uino
1167 1340 1318 1386 scatat,
1678 1346 1746 1380 550

257 1411 601 1453 Corinthiensem
632 1410 794 1451 fontem
825 1408 1008 1449 Pirenen
1040 1413 1195 1461 potest.

254 1484 364 1524 Tum
395 1483 621 1537 opsonium
653 1486 798 1523 autem
831 1504 887 1508 —

843 1552 1162 1605 Megadorus

866 1624 943 1665 Pol
974 1624 1039 1665 vel
1069 1624 1229 1676 legioni
1262 1627 1330 1664 sat
1362 1627 1438 1663 est.

255 1699 399 1740 Etiam
431 1712 587 1751 agnum
618 1698 726 1738 misi.

911 1768 1100 1809 Euclio

791 1839 883 1889 Quo
918 1840 1090 1893 quidem
1123 1854 1233 1892 agno
1267 1844 1335 1880 sat
1367 1839 1453 1880 scio

257 1915 395 1967 Magis
429 1928 648 1955 curionem
680 1926 894 1965 nusquam
928 1926 1019 1952 esse
1051 1911 1185 1955 ullam
1217 1910 1400 1951 beluam.

844 1982 1163 2035 Megadorus

261 2058 367 2100 Uolo
401 2072 478 2111 ego
514 2072 565 2097 ex
596 2061 638 2097 te
671 2056 791 2106 seire,
824 2055 895 2107 qui
928 2055 983 2095 sit
1015 2068 1149 2107 agnus
1182 2055 1314 2095 curio.
1684 2065 1749 2099 555

904 2126 976 2166 Eu
995 2126 1100 2168 clio

263 2201 372 2250 Quia
403 2214 501 2242 ossa
531 2213 582 2241 ac
612 2199 738 2252 pellis
770 2202 929 2250 totust3
961 2199 1024 2239 ita
1056 2213 1161 2240 cura
1192 2203 1345 2239 macet.

263 2273 375 2322 Quin
407 2276 507 2314 exta
536 2272 749 2324 inspicere
780 2271 823 2311 in
855 2270 945 2312 sole
978 2272 1105 2311 etiam
1135 2272 1235 2312 uiuo
1267 2271 1390 2322 licet3

261 2346 330 2387 Ita
359 2345 396 2386 is
427 2343 634 2398 perlucet,
669 2343 794 2395 quasi
824 2342 1024 2383 lanterna
1054 2342 1228 2384 Punica.

850 2415 1169 2468 Megadorus

262 2488 545 2531 Caedundum
576 2487 697 2527 illum
729 2500 806 2538 ego
841 2486 1038 2527 conduxi.

352 2616 418 2649 542
442 2618 480 2648 te
504 2618 546 2649 tu
571 2626 757 2649 accussem
857 2615 921 2647 545
945 2617 1044 2648 intro
1069 2614 1204 2648 misisti
1228 2614 1266 2647 in
1294 2614 1443 2648 aedibus
1538 2615 1603 2648 546
1629 2624 1751 2658 gerro-

206 2671 209 2674 ’
261 2684 377 2707 naceo
471 2674 536 2706 547
562 2671 730 2706 occulens
824 2672 889 2704 549
914 2682 1067 2714 praei-ea
1160 2673 1226 2705 550
1252 2675 1370 2705 scatet
1458 2672 1520 2704 551
1547 2669 1688 2704 fontem
1714 2673 1751 2704 et

261 2730 454 2773 pireneum
512 2730 576 2762 552
603 2729 819 2772 obsequium
840 2731 961 2762 autem
980 2729 1042 2772 pol
1062 2728 1122 2763 uel
1141 2728 1241 2762 leoni
1265 2734 1343 2762 sata
1366 2731 1421 2762 est
1480 2729 1546 2761 554
1570 2727 1750 2761 curiosam

263 2787 328 2820 556
354 2797 480 2820 curam
505 2785 610 2829 aegei
702 2787 769 2819 557
794 2784 891 2819 solee
917 2785 1001 2818 uiuo
