1897 3171
774 195 817 231 v.
842 197 1032 230 497—523.
1568 199 1647 238 411

158 327 251 365 bata
279 329 408 363 mente
438 326 645 375 repentina
675 326 785 374 quies
817 325 858 361 in
893 324 1187 371 ratiocinando,
1233 338 1351 374 quum
1382 327 1561 374 proxima
1597 322 1649 372 (v.

161 397 240 434 510
258 392 362 445 sqq.)
397 395 569 431 animum
601 406 708 442 aeque
740 396 976 430 commotum
1008 389 1274 430 ostendant‘?“
1323 393 1527 430 Accedunt
1552 395 1649 431 vitia

157 465 289 501 varia:
348 464 425 501 505
471 465 663 512 pessimos
708 474 891 499 numeros
936 460 1068 498 habet.
1146 460 1237 498 507.
1285 458 1463 498 (mimum
1509 472 1650 510 yerere

157 535 261 570 recte
300 531 464 576 dicitur,
503 543 539 568 v.
571 531 683 568 Asin.
717 531 810 568 255.
891 529 1049 566 Terent.
1082 527 1177 565 Hec.
1213 529 1312 575 310,
1360 528 1429 565 sed
1468 527 1650 568 animum

155 599 290 638 meme
325 596 487 637 Sincera
528 611 603 648 pro
644 599 794 635 sincera
834 601 964 634 mente
1001 597 1068 633 vix
1105 596 1270 633 Plautus
1311 596 1422 634 dixit..
1490 597 1536 636 V.
1571 600 1648 636 509

159 667 216 712 (in
247 668 355 705 cuius
386 666 584 716 scriptura
613 666 648 703 A
679 679 765 703 cum
805 668 945 703 ceteris
987 661 1199 710 consentit)
1235 664 1382 713 ἄμετρος
1413 668 1490 711 est3
1532 665 1648 704 Both.

162 734 281 786 „pro“
317 735 486 780 delevit,
527 733 647 771 Weis.
684 732 851 783 „opino“
887 734 1065 783 scripsit,
1106 732 1238 770 Herm.
1272 732 1331 769 Fl.
1369 732 1510 782 ,.pote“
1546 734 1649 772 dele-

156 807 268 850 runt,
317 817 394 853 quo
434 802 564 840 deleto
596 802 725 839 locum
755 815 833 839 non
863 801 1056 848 intelligo.
1131 799 1301 838 Retento
1334 805 1483 847 autem,
1533 816 1650 851 quam

94 882 98 885 '
157 872 325 910 ridicule
366 871 510 908 dicitur
552 871 719 920 „opinor
749 874 794 907 ut
824 873 916 920 pote
949 868 1053 919 quod
1083 881 1156 918 pro
1189 873 1296 905 certo
1329 868 1493 906 sciam‘'!
1557 871 1650 917 Quis

155 953 234 978 non
273 939 441 977 diceret:
505 940 687 988 „opinor,
735 939 853 975 immo
898 935 1034 974 scio“‘?
1094 936 1290 985 Equidem
1335 940 1464 974 totum
1509 938 1648 976 locum.

158 1008 379 1047 503—509
405 1007 583 1057 spurium
609 1006 758 1053 iudi003
791 1019 866 1043 vss.
896 1007 973 1044 502
1007 1009 1045 1042 et
1079 1007 1157 1043 510
1191 1006 1340 1055 optime
1373 1005 1578 1044 cohaerent.
1600 1027 1648 1033 —-

157 1077 350 1115 510--12
396 1074 654 1112 Ambrosiano
701 1088 787 1112 eum
832 1075 971 1112 ceteris
1011 1074 1122 1111 codd,
1165 1086 1384 1110 communes
1425 1078 1533 1120 sunt,
1583 1076 1651 1113 sed

155 1146 191 1183 A
213 1145 331 1182 semel
354 1143 486 1192 habet,
513 1157 631 1193 quum
656 1145 696 1180 in
722 1143 859 1180 ceteris
891 1142 1003 1180 codd.
1028 1145 1120 1191 post
1145 1143 1222 1179 517
1257 1141 1391 1178 eadem
1424 1156 1502 1179 non
1533 1143 1650 1181 nullis

155 1213 317 1251 mutatis
347 1215 590 1262 repetantur.
651 1211 836 1249 Dubitari
868 1223 943 1248 non
974 1214 1121 1259 potest,
1156 1211 1249 1258 quin
1282 1210 1472 1246 eiicienda
1499 1213 1549 1247 sit
1573 1213 1649 1248 ista

155 1283 414 1332 genuinorum
442 1280 695 1318 adulteratio.
741 1278 847 1316 Male
873 1278 1005 1316 Herm.
1034 1282 1073 1315 et
1096 1278 1142 1315 R.
1160 1279 1331 1328 primum
1358 1291 1493 1315 eorum
1518 1281 1650 1317 versui

158 1351 237 1388 510
269 1349 543 1399 praetulerunt.
561 1368 617 1373 —-
647 1343 879 1395 „Ramenta
904 1348 1058 1395 generis
1081 1377 1087 1384 .
1110 1377 1117 1384 .
1140 1376 1148 1383 .
1168 1347 1347 1383 feminini
1372 1345 1555 1384 Plautus:
1589 1361 1649 1385 ra-

155 1421 289 1455 menta
303 1416 393 1454 fiam
411 1416 597 1466 plumbea
613 1412 890 1466 propensior‘⁴,
909 1415 1058 1452 Nonius
1076 1429 1114 1465 p.
1135 1416 1228 1461 222,
1255 1414 1358 1451 unde
1376 1415 1648 1453 Plautinoruni

155 1485 333 1523 codicum
364 1498 475 1523 error
506 1484 864 1532 corrigendusvest.
926 1483 1160 1520 Ramentum
1201 1486 1258 1519 est
1299 1484 1413 1529 enim,
1458 1484 1562 1532 quod
1603 1485 1649 1522 de

156 1553 283 1591 solido
316 1566 480 1602 corpore
512 1552 732 1599 deraditur,
764 1549 996 1601 plerumque
1029 1551 1174 1588 dicitur
1204 1551 1250 1587 de
1283 1552 1366 1588 auri
1399 1555 1466 1588 aut
1496 1555 1650 1602 argenti

155 1622 360 1672 particulis
390 1621 563 1667 minutis,
597 1620 643 1657 cf.
669 1620 771 1657 infra
798 1621 891 1657 677.
940 1619 1042 1656 Plin.
1060 1619 1162 1656 Hist.
1188 1623 1267 1656 nat.
1293 1618 1477 1665 XXXIII,
1514 1619 1549 1666 3,
1588 1622 1648 1665 19,

160 1691 233 1728 62:
270 1703 435 1736 „aurum
459 1690 500 1726 in
524 1702 650 1726 massa
674 1692 740 1725 aut
767 1690 946 1725 ramento
964 1686 1160 1737 capim-⁴⁵.
1207 1686 1409 1723 Plumeum
1429 1693 1648 1726 ramentum

155 1758 255 1796 nihil
271 1761 347 1804 est,
380 1760 531 1794 amator
555 1760 684 1794 autem
710 1758 826 1793 etiam
850 1755 1012 1805 plumbi,
1038 1756 1219 1792 vilissimi
1244 1755 1402 1801 metalli.
1429 1760 1650 1794 ramentum

156 1825 316 1877 perfidae
348 1826 480 1862 amicae
504 1826 667 1862 nimium
693 1838 777 1861 esse
804 1825 910 1861 dicit.
962 1820 1210 1872 propensior
1234 1824 1258 1860 i.
1285 1837 1316 1860 e.
1343 1826 1512 1872 gravior,
1546 1825 1652 1874 quod

156 1893 328 1940 addidit,
384 1894 451 1942 qui
496 1906 652 1930 versum
697 1893 799 1929 infra
846 1892 1120 1941 interpolavit,
1177 1891 1223 1928 cf.
1275 1891 1430 1928 Trucul.
1471 1894 1564 1940 Arg.
1608 1895 1650 1931 8:

162 1974 380 2011 „propensa
410 1959 612 2007 munera“,
653 1964 692 1998 et
725 1961 775 1998 ad
806 1961 916 1997 Asin.
952 1961 1045 1997 303.
1076 1979 1132 1984 —-
1173 1960 1264 1997 513.
1306 1957 1405 1997 uince
1447 1963 1566 1998 etiam
1597 1962 1650 2007 A,

155 2030 309 2068 Ritsch.
341 2033 381 2066 et
409 2028 470 2066 Fl.
502 2026 661 2076 uiuom,
694 2029 761 2066 sed
793 2028 870 2066 vid.
903 2028 953 2065 ad
983 2028 1124 2076 Amph.
1160 2029 1252 2065 394.
1284 2047 1340 2051 -—
1381 2029 1570 2066 516—17
1606 2043 1652 2066 ex

154 2099 191 2136 A
220 2098 395 2135 restituti
426 2101 538 2144 sunt,
578 2098 687 2134 euius
719 2098 955 2146 scripturam
987 2097 1100 2145 plene
1132 2095 1258 2133 edidit
1289 2095 1490 2145 Geppe1·t.,
1538 2097 1650 2134 Stud.

156 2167 205 2214 II,
237 2180 277 2216 p.
313 2167 376 2204 35.
435 2165 568 2203 Unum
599 2166 758 2210 mutavi,
793 2164 898 2214 quod
929 2161 1083 2212 ‘reseret
1112 2178 1157 2202 ex
1191 2167 1332 2202 ceteris
1364 2164 1472 2201 codd.
1509 2166 1652 2202 retinui

152 2248 271 2275 ¹versu
301 2234 481 2280 iubente3
527 2237 612 2270 tum
643 2229 744 2270 mihi
782 2233 918 2270 delevi.
993 2230 1136 2282 pluris
1166 2229 1305 2280 refert,
1341 2233 1387 2270 cf.
1421 2232 1520 2269 Ruri.
1556 2234 1648 2270 966.

156 2303 245 2340 Ter.
269 2302 410 2339 Heaut.
435 2302 530 2339 467.
576 2301 733 2338 Phorm.
761 2302 852 2339 646.
880 2302 973 2338 723.
1004 2321 1052 2325 ——
1077 2302 1223 2339 narret
1245 2303 1285 2337 in
1308 2302 1341 2338 A
1373 2301 1449 2348 legi
1480 2304 1652 2337 testatur

158 2370 369 2420 Geppert.;
415 2369 482 2417 R.,
523 2371 591 2419 qui
633 2366 824 2415 „dixerit“
866 2370 1028 2417 legerat,
1072 2367 1223 2417 „dixit“
1261 2369 1341 2415 ed.;
1387 2381 1458 2417 pro
1494 2366 1647 2414 v..i0(¹os“

157 2441 286 2476 autem
317 2438 449 2475 Herm.
482 2437 528 2474 R.
561 2437 620 2475 Fl.
656 2434 832 2484 „logos“.
871 2457 927 2462 —
969 2438 1060 2475 518.
1110 2434 1256 2475 stabile*
1289 2437 1368 2482 est,
1410 2440 1556 2472 certum
1589 2441 1647 2472 est

157 2505 266 2553 mihi,
299 2509 378 2543 stat
408 2507 620 2552 sententia,
654 2505 701 2542 de
733 2519 810 2543 acc.
837 2519 867 2543 c.
894 2505 1001 2543 infin.
1029 2506 1075 2543 cf.
1102 2506 1205 2542 infra
1238 2504 1285 2540 ad
1322 2504 1440 2540 1064.
1467 2523 1522 2526 —
1556 2504 1647 2540 519.

157 2570 340 2621 Eadem,
381 2587 418 2611 V.
459 2575 524 2611 47.
571 2593 628 2599 -—
674 2574 766 2611 523.
814 2572 852 2611 ei
890 2574 1014 2624 Gepp.
1054 2575 1095 2610 in
1135 2574 1168 2609 A
1206 2572 1319 2620 legit,
1369 2584 1486 2619 quum
1520 2570 1564 2608 R.
1596 2570 1649 2607 ID

157 2641 329 2690 legisset,
361 2641 531 2691 indeque
559 2638 697 2690 „illut“
724 2642 900 2689 fecisset3
937 2640 1021 2690 ,‚ei“
1049 2640 1266 2690 spondeum
1296 2639 1402 2682 facit.
1436 2638 1649 2686 v.Pr01eg.

153 2722 198 2760 p.
233 2711 326 2748 216.
357 2730 414 2735 --
453 2707 557 2758 Uos,
590 2723 722 2747 servos
756 2711 991 2759 pedisequos
1023 2708 1250 2756 alloquitur.
