1897 3171
293 185 373 223 436
932 181 1142 215 Bacchides.

291 311 390 347 illim
422 310 488 346 ille
520 323 560 346 se
590 310 800 346 Blanditiis
833 310 975 346 exemit
1008 314 1047 345 et
1079 312 1114 346 ei
1144 312 1354 359 persuasit,
1395 323 1435 346 se
1465 314 1509 347 ut
1541 307 1774 346 amitteret.“

294 399 341 402 —
362 380 455 416 960.
490 374 616 415 extuli
644 377 874 415 Dissaldeus
907 391 978 414 em.
996 397 1052 401 ——
1077 378 1254 415 Tertium
1286 378 1420 424 fat-um,
1452 378 1572 415 limen
1603 379 1776 424 scissum,

289 447 462 483 nondum
493 450 793 494 commemorat,
834 447 926 483 huic
957 447 1141 492 alteram,
1176 460 1292 495 quam
1323 446 1515 483 Nicobulo
1546 449 1779 496 portaturus

292 518 360 561 est,
395 514 602 563 epistolam
636 518 839 564 comparat
869 528 904 551 v.
926 516 1019 552 982.
1054 535 1102 539 —
1138 516 1232 552 961.
1267 510 1369 552 Post
1397 514 1598 551 Acidalius
1629 528 1702 552 cm.
1729 534 1778 538 -

289 580 520 633 mafflziftco,
555 583 601 620 cf.
626 584 733 620 Asin.
765 584 856 628 348,
888 584 1036 620 ironice
1070 583 1226 628 dicitur,
1259 585 1304 619 ut
1335 583 1516 631 proxima
1547 582 1779 631 significant,

292 652 338 688 cf.
365 652 447 688 Mil.
481 652 607 688 1049:
645 650 896 701 „urbicape⁴².
965 651 1162 700 Theophr.
1191 650 1304 688 Char.
1335 653 1356 687 8
1391 654 1490 688 extr.
1524 651 1558 687 οῖ
1589 651 1707 692 πόλεις
1737 651 1784 698 τῷ

292 721 386 769 λόγῳ
419 721 506 755 κατὰ
545 721 670 768 κράτος
709 720 895 768 αἱροῦντες.
934 740 990 743 —
1036 720 1129 756 962.
1183 715 1454 766 Covlsli21'ied.
1487 732 1547 768 pr.
1585 739 1641 742 —
1687 719 1780 755 963.

295 787 437 825 Versus
469 802 490 825 a
520 789 870 837 proceleusmatico
903 789 1054 837 incipit.
1131 785 1244 833 adeo,
1278 801 1313 824 v.
1348 787 1396 823 ad
1427 787 1568 836 Amph.
1602 788 1695 824 464.
1728 807 1783 811 —

293 857 372 894 964
405 870 462 906 sq.
502 857 738 894 Trochaicus
780 857 1025 906 septenarius
1065 869 1149 892 cum
1190 855 1358 892 dimetro
1396 855 1577 892 iambico.
1650 855 1782 892 Talem

292 925 501 961 clausulam
528 925 675 962 Ritsch.
710 938 787 962 non
813 925 939 961 ferens
965 926 1003 960 in
1036 925 1168 974 priore
1194 937 1309 960 versu
1339 923 1459 973 „Cepi
1485 923 1531 959 ab
1559 937 1603 960 eo
1630 920 1779 972 spolia“

291 995 460 1043 scripsit,
496 994 658 1029 alterius
685 994 943 1041 posteriorem
967 996 1119 1041 partem
1147 992 1336 1028 excidisse
1361 994 1528 1040 putavit.
1547 1012 1603 1016 —
1628 993 1706 1029 966
1726 1005 1782 1040 sq.

291 1062 479 1098 iambicus
510 1063 732 1098 octonarius
765 1061 1015 1111 hypermeter
1054 1075 1138 1097 cum
1170 1060 1370 1097 trochaico
1400 1062 1643 1108 septenario,
1690 1061 1715 1097 i.
1749 1075 1782 1097 e.

293 1130 368 1167 duo
402 1131 596 1166 octonarii
628 1130 782 1166 iambici
815 1131 1035 1178 systematis
1066 1129 1180 1166 modo
1211 1126 1345 1175 iuncti,
1379 1142 1413 1165 V.
1442 1128 1596 1176 Proleg.
1623 1142 1660 1177 p.
1692 1130 1782 1165 186.

290 1198 459 1244 Μϋ1101·.,
487 1198 648 1234 Nachtr.
670 1199 732 1244 69,
763 1196 923 1236 ..altris“
953 1199 1099 1246 scripto
1123 1197 1245 1234 troch.
1273 1199 1514 1234 octonarium
1540 1210 1624 1233 cum
1658 1200 1775 1246 septe-

291 1268 401 1303 nario
440 1267 546 1303 facit.
580 1286 634 1290 -—
675 1266 821 1303 Notum
864 1270 923 1303 est
962 1269 1221 1316 imperatores
1260 1265 1454 1302 Romanos
1493 1265 1785 1314 triumphantes

291 1336 496 1384 pecuniam
529 1335 720 1371 militibus
754 1335 929 1371 dividere
962 1335 1101 1371 solitos
1133 1347 1226 1380 esse,
1267 1334 1378 1370 velut
1410 1334 1616 1370 Africanus
1648 1334 1715 1370 ille
1751 1347 1784 1370 a.

294 1404 370 1441 201
405 1402 621 1450 „militibus
655 1416 699 1439 ex
731 1402 862 1452 praeda
897 1402 1188 1452 quadringenos
1220 1404 1307 1439 aeris
1339 1399 1497 1439 divisitf‘
1533 1400 1634 1446 (Liv.
1659 1401 1783 1443 XXX,

293 1472 366 1517 45,
402 1472 464 1516 3),
513 1471 714 1508 Cornelius
757 1475 796 1507 et
834 1471 1029 1508 Minucius
1069 1485 1102 1508 a.
1140 1472 1215 1508 197
1249 1474 1520 1520 septuagenos.
1577 1469 1786 1506 Marcellus

294 1541 474 1589 proximo
506 1553 607 1576 anno
640 1543 850 1588 octogenos
884 1537 986 1586 (Liv.
1006 1539 1190 1585 XXXIII,
1226 1540 1275 1576 23
1305 1542 1343 1575 et
1371 1540 1453 1585 37),
1486 1538 1534 1575 al.
1595 1534 1786 1583 mulsum,

292 1609 422 1644 vinum
467 1608 670 1651 mellitum,
720 1609 758 1644 in
800 1607 870 1644 hac
916 1621 958 1644 re
1004 1612 1330 1645 commemoratur
1366 1607 1469 1644 infra
1514 1608 1632 1644 1071.
1700 1606 1785 1643 Liv.

292 1676 512 1722 XXXVIII,
549 1679 610 1721 55,
646 1677 681 1713 2.
710 1695 758 1699 —-
788 1676 866 1713 968
893 1689 950 1725 sq.
983 1676 1160 1713 Priamus
1194 1677 1480 1725 quinquaginta
1509 1674 1612 1712 filios
1644 1676 1785 1720 amisit,

294 1745 509 1781 Nicobulus
527 1745 838 1793 quadringentos
855 1744 1071 1794 Philippos.
1122 1742 1443 1793 quadrinsjentos
1460 1757 1494 1780 v.
1515 1745 1607 1781 929.
1627 1763 1681 1768 -—
1698 1740 1789 1780 lecti

293 1816 437 1850 nummi
474 1818 564 1850 sunt
595 1813 727 1858 electi,
760 1810 849 1849 Sine
870 1810 1026 1860 probro
1056 1814 1182 1862 probi,
1218 1813 1357 1862 quibus
1389 1812 1487 1849 nihil
1513 1812 1705 1858 abrasum,
1739 1812 1786 1848 cf.

294 1881 434 1918 Pseud.
466 1883 594 1918 1147:
632 1881 718 1919 ..bic
742 1884 834 1917 sunt
859 1882 1032 1930 quinque
1057 1883 1208 1930 argenti
1233 1882 1355 1918 lectae
1382 1884 1608 1918 numeratae
1632 1877 1783 1917 11111130ιιι

297 1950 386 1987 Ter.
415 1949 568 1986 Phorm.
598 1951 670 1987 53:
708 1950 894 1998 „Accipeg
927 1963 986 1996 en,
1019 1950 1215 1986 lectumst.
1245 1969 1292 1974 —
1329 1950 1450 1998 atquc
1481 1946 1676 1998 equidem,
1708 1948 1788 1986 vid.

297 2017 345 2053 ad
362 2017 503 2065 Amph.
524 2019 622 2063 7573
657 2018 853 2067 posterius
879 2017 1060 2054 delerunt
1076 2018 1207 2055 Herm.
1227 2018 1271 2055 R.
1290 2017 1371 2064 F1.;
1397 2030 1473 2054 non
1492 2030 1601 2067 opus.
1622 2037 1675 2041 ——
1694 2018 1786 2054 970.

298 2082 581 2131 contruncabo,
609 2085 655 2122 cf.
675 2085 793 2123 Stich.
816 2087 907 2123 554.
956 2083 1115 2123 duobus
1130 2082 1291 2132 ictibus,
1318 2086 1468 2122 duabus
1486 2085 1664 2134 epistolis
1680 2085 1790 2122 Mne-

297 2153 446 2190 silochi.
463 2173 519 2177 ——
537 2155 631 2190 971.
666 2151 997 2201 coemptiomllem
1022 2154 1118 2191 duas
1142 2155 1289 2204 primas
1315 2154 1485 2202 syllabas
1513 2153 1719 2200 contrahit,
1752 2167 1786 2190 v.

297 2221 454 2269 Proleg.
480 2234 518 2270 p.
547 2223 639 2267 216,
672 2235 715 2258 ac
746 2222 951 2259 scribendo
980 2224 1097 2259 etiam
1122 2226 1403 2260 contraxerunt
1427 2221 1538 2260 codd.
1590 2218 1782 2269 „Venire“

298 2303 371 2339 pro
390 2289 517 2339 decipi
541 2290 617 2326 iam
641 2303 759 2339 supra
786 2290 962 2339 legimus.
1010 2290 1221 2340 Chrysalus
1246 2294 1372 2328 autem
1398 2291 1537 2328 herum
1560 2303 1670 2327 suum
1696 2303 1789 2327 ven-

298 2358 452 2394 diturus
485 2357 597 2394 addit
627 2371 756 2394 senem
783 2371 865 2395 esse
891 2360 1041 2395 minimi
1067 2361 1200 2408 pretii,
1234 2362 1301 2408 qui
1325 2373 1395 2408 per
1419 2372 1459 2395 se
1483 2359 1546 2394 vix
1572 2362 1789 2408 emptorem

299 2429 530 2463 inventurus
569 2427 639 2472 sit,
687 2427 760 2462 nisi
799 2427 915 2462 simul
956 2441 1040 2463 cum
1085 2427 1172 2464 aliis
1217 2429 1423 2477 mancipiis
1469 2427 1633 2476 aliisque
1674 2427 1790 2464 rebus

300 2494 563 2531 vendibilibus
593 2494 714 2531 hastae
747 2494 989 2532 subiiciatur.
1066 2496 1181 2532 Tales
1213 2497 1336 2543 servi,
1376 2496 1442 2545 qui
1482 2495 1598 2532 simul
1638 2495 1789 2531 emendi

301 2566 430 2608 erant,
475 2559 789 2611 coenwlfionales
829 2563 904 2600 dici
942 2563 1138 2600 intellexit
1168 2563 1404 2602 Gronovius.
1480 2563 1536 2600 Cf.
1569 2562 1709 2600 Curius
1741 2563 1789 2598 ad

301 2630 528 2668 Ciceronem
556 2629 681 2677 (Fam.
700 2630 787 2676 XII,
818 2631 882 2677 29,
913 2628 973 2677 1):
1012 2630 1129 2677 „Sum
1163 2633 1264 2668 enim
1295 2633 1422 2681 χρήσει
1450 2633 1514 2679 μὲν
1538 2634 1639 2677 tuus,
1673 2632 1787 2676 κτήσει

302 2699 339 2734 δὲ
369 2700 492 2735 Attici
522 2700 667 2744 nostri3
717 2710 810 2746 ergo
842 2699 990 2736 fructus
1022 2703 1080 2735 est
1111 2702 1222 2746 tuus,
1263 2700 1498 2749 mancipium
1529 2699 1653 2746 illius,
1687 2700 1789 2748 quod

303 2767 460 2818 quidem
501 2769 532 2803 si
571 2768 674 2803 inter
715 2780 825 2803 senes
866 2767 1170 2817 coemptionales
1209 2769 1509 2818 proscripserit,
1557 2769 1682 2815 egerit
1712 2781 1790 2805 non
