1854 3188
842 194 1026 229 Praefatio.
1646 199 1679 236 V

191 328 370 362 accurate
395 325 613 374 descripsit,
645 328 727 362 tum
750 326 939 371 novisset,
971 325 1086 361 huius
1112 337 1268 373 quoque
1295 325 1424 361 varias
1451 325 1677 373 scripturas,

191 397 273 433 sine
305 396 424 434 dubio
458 397 729 434 desiderasset.
790 396 1025 435 Ursinianus
1057 399 1208 441 autem,
1240 399 1286 432 ut
1315 396 1355 432 in
1387 396 1679 445 prolegomenis

189 481 227 517 p.
264 469 341 505 154
373 469 474 516 dixi,
525 469 588 517 „in
618 468 904 518 posterioribus
944 468 1090 506 fabulis
1127 468 1208 505 fere
1248 469 1426 518 geminus
1467 472 1525 506 est
1555 467 1679 506 codici

190 539 239 587 O,
286 541 326 577 in
363 541 562 589 prioribus
601 542 659 577 ita
698 554 782 578 cum
814 540 845 577 B
886 541 1082 578 consentit
1119 540 1183 578 vel
1221 541 1261 577 in
1301 540 1507 578 levissimis
1548 541 1677 588 rebus,

188 613 299 650 velut
330 612 488 650 vocibus
519 626 727 663 perperam
760 612 916 659 divisis,
963 615 1002 649 et
1039 613 1080 649 in
1117 612 1316 649 erroribus
1346 613 1588 659 manifestis,
1635 616 1680 650 ut

190 697 238 721 ex
267 685 352 733 ipso
384 685 469 723 cod.
502 685 533 721 B
565 684 783 734 descriptus
814 685 939 734 possit
968 682 1135 722 videri“.
1197 684 1291 730 Quae
1323 697 1437 734 quam
1469 698 1563 721 vera
1587 687 1676 732 sint,

190 770 237 793 ex
269 760 451 793 accurata
480 757 549 793 illa
580 757 795 794 Aululariae
826 756 1058 803 collatione,
1107 770 1224 806 quam
1255 756 1471 794 Lorenzius
1509 757 1549 793 in
1588 770 1678 807 pro-

187 832 401 878 grammate
446 831 642 878 gymnasii
683 828 922 866 Coloniensis
972 829 1076 866 1872
1124 829 1270 875 edidit,
1316 829 1488 879 perspici
1532 833 1678 878 potest.

188 900 288 938 Nam
319 901 528 950 pleraque,
576 914 660 950 quae
700 901 739 937 in
770 900 804 938 D
836 901 981 937 rectius
1022 901 1249 938 scribuntur
1281 914 1396 950 quam
1428 901 1467 937 in
1499 900 1549 947 B,
1597 902 1679 938 eius

187 975 343 1023 generis
373 976 473 1018 sunt,
507 985 592 1022 quae
623 974 684 1010 vir
714 974 798 1010 sani
829 972 964 1009 iudicii
996 977 1034 1009 et
1064 973 1315 1010 mediocriter
1340 973 1478 1010 doctus
1503 974 1679 1010 invenire

187 1046 383 1095 potuerit3
415 1058 494 1082 non
516 1045 627 1082 nulla
650 1058 728 1082 non
761 1058 809 1081 ex
841 1047 927 1094 ipso
959 1045 990 1081 B
1023 1045 1090 1082 sed
1122 1059 1141 1081 e
1173 1046 1367 1082 communi
1392 1045 1499 1081 fonte
1522 1044 1679 1082 fluxisse

187 1111 428 1161 videntur*).
474 1116 613 1166 Itaque
640 1130 709 1154 nec
733 1130 834 1154 nunc
860 1116 1012 1154 affirmo
1038 1130 1109 1154 nec
1139 1121 1234 1154 tunc
1265 1116 1469 1164 affirmavi,
1504 1117 1678 1155 codicem

187 1187 222 1225 D
254 1201 301 1225 ex
331 1188 362 1225 B
394 1188 636 1238 descriptum
669 1201 773 1235 esse3
820 1189 888 1226 sed
920 1202 976 1236 ea,
1010 1202 1096 1239 quae
1126 1190 1167 1226 in
1199 1188 1232 1225 D
1263 1190 1410 1226 rectius
1441 1189 1676 1236 scribuntur,

186 1263 318 1298 utrum
350 1262 584 1298 correctoris
614 1261 773 1310 ingenio
804 1275 852 1298 an
879 1262 1071 1298 communi
1097 1261 1309 1311 archetypo
1337 1261 1566 1308 debeantur,
1598 1274 1678 1299 non

188 1345 342 1383 semper
367 1332 583 1370 diiudicare
608 1346 781 1382 possum,
814 1347 885 1370 nec
908 1332 993 1370 fieri
1017 1337 1162 1383 potest,
1194 1337 1239 1370 ut
1270 1347 1348 1370 non
1379 1332 1504 1370 codici
1534 1333 1577 1379 B,
1611 1334 1679 1383 qui

188 1405 235 1442 ab
274 1405 456 1455 imperito
494 1404 652 1442 homine
691 1406 860 1454 scriptus
901 1409 977 1452 est,
1025 1406 1150 1444 multo
1191 1407 1315 1442 maior
1354 1406 1570 1443 auctoritas
1608 1407 1677 1442 tri·

185 1476 344 1514 buatur.
407 1476 560 1514 Similia
592 1477 637 1514 de
668 1477 687 1514 Ι
719 1477 794 1514 dici
824 1482 1003 1528 possunt,
1036 1479 1111 1515 nisi
1144 1478 1250 1527 quod
1280 1480 1313 1515 is
1345 1482 1384 1514 et
1414 1477 1678 1525 negligentius

185 1549 353 1598 scriptus
398 1553 458 1586 est
496 1552 537 1585 et
575 1550 763 1598 temporis
803 1550 987 1587 iniuriam
1027 1551 1184 1597 gravius
1224 1563 1364 1598 passus
1407 1553 1479 1586 est.
1550 1549 1678 1595 Quare

187 1633 306 1670 quum
342 1621 412 1658 hos
451 1621 605 1659 codices
646 1622 770 1658 multo
810 1622 972 1658 minoris
1012 1623 1200 1659 momenti
1240 1635 1324 1659 esse
1355 1621 1561 1665 vidissem,
1607 1634 1679 1659 nec

188 1693 334 1730 codicis
363 1693 410 1740 D,
458 1694 525 1742 qui
563 1693 810 1742 aliquatenus
850 1694 925 1730 iam
964 1699 1081 1731 notus
1114 1698 1217 1740 erat,
1264 1707 1403 1731 novam
1434 1694 1529 1731 mihi
1560 1694 1677 1731 colla-

185 1766 335 1802 tionem
366 1766 603 1814 comparavi,
636 1779 707 1802 nec
739 1765 885 1803 codicis
916 1765 933 1802 Ι
965 1779 1062 1812 eam,
1096 1779 1212 1815 quam
1243 1767 1319 1816 ipsi
1343 1766 1522 1812 feceram,
1555 1766 1677 1803 lecto-

185 1836 296 1873 ribus
335 1836 549 1874 obtrudere
586 1837 707 1875 volui.
781 1837 868 1874 Non
906 1851 1061 1875 necesse
1099 1837 1194 1875 mihi
1232 1837 1442 1875 videbatur
1479 1839 1676 1885 integram

187 1921 319 1946 eorum
350 1910 585 1958 scripturam
617 1909 760 1956 afferri,
793 1909 908 1947 modo
933 1923 1018 1959 quae
1045 1923 1143 1959 opus
1168 1913 1298 1947 essent
1323 1909 1414 1947 inde
1440 1909 1678 1959 deprompta

184 1981 226 2018 in
257 1981 535 2018 commentario
567 1985 976 2019 commemorarentur.
1045 1981 1243 2031 Integram
1277 1981 1459 2029 afferant,
1502 1984 1571 2032 qui
1602 1982 1675 2020 soli

157 2047 243 2090 ‘rei
274 2054 419 2090 criticae
451 2066 609 2104 operam
642 2053 758 2100 dant3
797 2065 870 2101 ego
903 2053 1115 2091 editionem
1148 2055 1421 2092 commentarii
1454 2055 1554 2091 mole
1586 2067 1676 2091 one-

185 2128 313 2162 ratam
353 2126 394 2162 in
432 2128 627 2174 apparatu
665 2126 801 2162 critico
838 2138 997 2175 parcam
1035 2139 1119 2163 esse
1157 2127 1275 2164 volui.
1345 2126 1497 2164 Codicis
1545 2130 1677 2163 autem

185 2197 216 2234 B
247 2199 485 2247 scripturam
518 2210 602 2234 eam
634 2197 836 2244 adnotavi,
870 2210 956 2247 quae
986 2201 1122 2247 primae
1152 2212 1290 2236 manus
1318 2202 1394 2244 est;
1428 2211 1514 2248 quae
1538 2201 1678 2248 postea

186 2268 322 2306 addita
352 2272 419 2306 aut
449 2272 622 2306 correcta
652 2273 761 2316 sunt,
793 2270 834 2306 in
865 2271 1184 2308 commentarium
1215 2271 1411 2318 relegavi,
1451 2284 1487 2308 v.
1519 2270 1674 2318 Proleg.

184 2354 223 2390 p.
260 2341 358 2388 1583
399 2354 472 2379 nec
501 2354 605 2378 nunc
637 2341 755 2377 aliter
785 2341 914 2379 facere
946 2355 1006 2379 me
1039 2343 1219 2380 debuisse
1250 2343 1382 2380 credo.
1443 2342 1573 2390 Magis
1606 2342 1674 2378 du-

183 2412 304 2450 bitari
334 2416 487 2463 potest,
533 2416 691 2451 rectene
723 2413 904 2460 fecerim,
953 2415 1058 2463 quod
1096 2428 1141 2452 ea
1179 2415 1399 2462 omiserim,
1447 2427 1532 2463 quae
1571 2427 1675 2451 mere

184 2485 495 2535 orthographica
523 2485 764 2532 viderentur,
797 2486 905 2523 cuius
935 2487 991 2523 rei
1021 2485 1117 2524 fines
1148 2500 1228 2524 non
1259 2500 1412 2536 semper
1443 2487 1540 2524 certi
1572 2490 1673 2524 sunt.

207 2665 238 2708 *)
274 2665 386 2700 Velut
409 2666 529 2700 Aulul.
556 2668 639 2701 249:
681 2666 850 2711 „facito“,
884 2668 948 2701 ubi
978 2668 1026 2702 B:
1068 2667 1220 2712 ,‚scito“.
1283 2669 1364 2702 766:
1404 2666 1496 2711 „id“,
1530 2669 1592 2704 ubi
1624 2668 1671 2704 B:

275 2721 369 2765 „·ut“.
417 2723 568 2758 Maioris¹
601 2725 781 2758 momenti
813 2728 882 2766 est,
919 2727 1020 2769 quod
1051 2725 1152 2769 Capt.
1181 2726 1248 2759 760
1278 2725 1391 2759 verba
1417 2727 1674 2770 „exauspicaui

275 2790 320 2813 ex
343 2779 509 2824 uinclis“‚
537 2792 617 2824 quae
645 2792 665 2814 a
688 2782 717 2815 B
745 2782 886 2825 absunt,
912 2782 951 2816 in
977 2782 1009 2816 D
1035 2783 1239 2825 ceterisque
1266 2784 1405 2816 extant,
