1845 3171
194 190 273 228 578
842 186 1023 220 Curculio.

189 313 225 352 is·
257 318 346 352 cett.
378 315 491 352 codd.
518 335 573 340 ——
601 316 693 352 612.
727 311 832 351 bolis
949 312 1092 353 bulbis.
1154 315 1322 353 Luclitur
1353 318 1393 353 in
1420 317 1678 355 similitudine

190 385 286 430 soni,
319 384 365 420 ad
390 385 553 433 parasiti
576 397 785 433 personam
808 396 886 420 non
909 385 1055 433 inepte,
1081 385 1228 434 quippe
1259 386 1367 421 cuius
1391 399 1500 422 mens
1525 390 1614 423 tota
1639 388 1679 422 iu

190 452 284 489 cibis
310 453 493 501 occupari
516 452 650 489 soleat.
694 451 829 488 Bulbis
857 453 968 498 enim,
988 465 1087 501 quos
1104 453 1247 490 Athen.
1265 453 1314 500 II,
1333 467 1364 490 c.
1384 454 1433 489 64
1453 467 1537 503 sqq.
1576 454 1677 490 Plin.

190 520 237 558 H.
269 520 316 558 N.
348 520 462 566 XIX,
507 523 548 567 Γ),
590 522 661 567 30,
706 521 754 557 93
788 534 846 570 sq.
878 524 1202 567 commemorant,
1245 522 1395 570 antiqui
1428 525 1609 558 cenantes
1640 526 1679 558 et

189 592 373 638 potantes
407 589 455 626 ad
487 590 705 638 appetitum
739 589 985 625 excitandum
1019 589 1242 635 utebantur,
1277 590 1324 626 cf.
1358 589 1435 627 Cic.
1462 603 1499 638 p.
1526 590 1678 627 Cluent.

191 659 256 704 26,
290 659 354 694 71.
414 657 473 694 Ex
505 658 638 694 Africa
678 657 818 707 optimi
856 657 1088 704 veniebant,
1127 670 1163 695 v.
1196 658 1330 696 Iuven.
1364 660 1401 695 7.
1438 659 1527 696 120.
1588 658 1680 695 Dio-

190 726 348 762 cletiani
388 725 459 763 Ed.
494 739 524 762 e.
560 728 581 763 6
623 739 658 763 n.
692 726 757 763 41.
800 746 852 750 —
899 722 1068 763 Reddin
1106 739 1177 763 em.
1218 726 1373 772 Dousa,
1418 726 1478 763 Fl.
1526 726 1677 771 „Etiam

188 791 363 840 1·edde“;
403 794 470 831 sed
502 794 773 841 interrogandi
806 795 931 831 forma
962 795 1186 831 necessaria
1216 795 1385 841 videtur,
1419 808 1455 832 V.
1488 794 1537 831 ad
1569 796 1677 832 Asin.

191 864 283 899 670.
317 882 371 886 ——
411 864 503 900 613.
554 860 697 909 fricco-5³,
745 863 928 909 ambages
968 863 1144 909 inutiles,
1192 863 1237 901 cf.
1271 863 1388 900 Most.
1425 864 1515 900 562.
1578 863 1678 900 Rud.

194 932 313 968 1323.
345 951 400 955 —
433 933 524 968 614.
557 927 692 968 scelus
723 928 815 976 uiri,
848 945 883 967 v.
917 930 965 967 ad
996 931 1105 969 Asin.
1139 933 1233 969 470.
1280 932 1365 969 Mil.
1403 933 1520 969 1425.
1570 932 1677 969 Pers.

193 1000 282 1037 193.
343 1000 500 1037 Trucul.
535 1001 627 1046 611,
659 999 805 1048 ubique
837 1013 921 1036 cum
954 1001 1114 1048 paeonis
1147 1002 1277 1049 quarti
1308 1014 1514 1046 mensura3
1546 1001 1681 1049 itaque

187 1067 321 1104 hiatur
352 1069 390 1104 in
423 1068 589 1114 (haeresi,
624 1068 670 1104 cf.
706 1068 846 1105 Luchs.
880 1067 1057 1106 Studem.
1092 1068 1201 1106 Stud.
1234 1069 1264 1116 I,
1296 1082 1333 1118 p.
1363 1070 1426 1106 50.
1487 1068 1566 1106 FL:
1614 1072 1680 1113 „tu

187 1134 344 1183 liodie“,
377 1137 540 1173 Mffller:
595 1134 834 1182 „Qnamne“.
877 1157 930 1162 -*
963 1138 1055 1173 618.
1102 1146 1188 1174 rem
1227 1134 1351 1183 Solvi,
1394 1137 1440 1175 ef.
1477 1139 1568 1174 553.
1631 1133 1680 1174 αἶ)

190 1202 400 1252 trapezita,
425 1206 593 1254 pecunia
609 1205 657 1241 ab
675 1219 718 1242 eo
737 1209 953 1251 numerata,
971 1206 1027 1249 ef.
1048 1207 1137 1242 intt.
1157 1206 1205 1242 ad
1223 1205 1360 1243 Horat.
1380 1205 1460 1242 Sat.
1480 1205 1528 1251 II,
1559 1206 1593 1252 3,
1615 1206 1678 1243 69.

188 1271 368 1310 Ceterum
400 1277 489 1310 ante
521 1270 571 1312 ab
602 1274 736 1311 hiatur
766 1275 806 1310 in
838 1274 1002 1310 diaeresi.
1036 1294 1090 1299 ——
1130 1275 1223 1311 619.
1271 1274 1417 1311 Similis
1449 1273 1580 1310 hiatus
1613 1277 1682 1310 aut

189 1345 278 1378 ante
303 1338 511 1389 (ccherccm;
544 1343 602 1380 Fl.
626 1343 697 1389 „ab
723 1340 884 1379 lenone“
917 1343 1061 1389 voluit3
1094 1343 1139 1380 R.
1170 1341 1301 1389 ,‚ted“.
1320 1362 1375 1367 —
1399 1338 1678 1391 quadruplam

188 1410 399 1460 quadrupli
445 1424 575 1459 poena
620 1425 667 1448 ex
708 1412 888 1461 praetoris
928 1411 1055 1447 edicto
1094 1411 1189 1447 furti
1229 1411 1426 1448 manifesti
1466 1414 1568 1456 erat,
1609 1423 1680 1446 nec

188 1479 386 1515 manifesti
418 1479 530 1529 dupli
562 1478 613 1527 (v,
648 1480 733 1517 Gai.
766 1479 835 1526 III,
874 1478 948 1515 189
982 1477 1080 1527 sq.),
1128 1492 1294 1528 quorum
1334 1492 1453 1528 quum
1494 1479 1567 1516 hoc
1597 1482 1679 1516 tan-

187 1551 269 1584 tum
301 1550 550 1585 commissum
583 1548 709 1585 videri
740 1552 887 1597 posset,
920 1549 1086 1585 militem
1117 1551 1310 1598 putarunt
1335 1547 1418 1584 ICti
1444 1547 1543 1584 duas
1570 1547 1680 1597 dupli

188 1618 360 1653 actiones
385 1617 603 1664 intendere,
637 1618 801 1654 alteram
818 1616 1051 1654 Phaedromo
1076 1617 1238 1654 alteram
1263 1617 1396 1654 lenoni
1420 1614 1471 1663 (v.
1490 1616 1543 1653 M.
1562 1616 1682 1663 Voigt

188 1686 225 1722 in
257 1685 358 1722 Mus.
386 1685 508 1723 Rhen.
533 1686 695 1732 XXVII,
728 1699 764 1735 p.
797 1684 904 1732 169),
937 1689 981 1722 ut
1010 1686 1272 1735 peritissimos
1304 1685 1400 1722 iuris
1433 1688 1472 1721 et
1497 1685 1680 1722 Plautum

187 1757 226 1790 et
258 1755 420 1791 militem
453 1767 535 1792 esse
567 1758 799 1791 statuerent.
869 1754 945 1791 Sed
977 1755 1173 1791 actionum
1205 1754 1313 1791 nulla
1343 1755 1502 1790 omnino
1535 1755 1682 1790 mentio

188 1826 258 1859 est.
314 1823 430 1860 Miles
462 1824 546 1873 ipse
578 1837 617 1860 se
650 1827 767 1872 negat
798 1825 836 1860 in
869 1825 928 1860 ius
953 1825 1100 1860 iturum
1126 1835 1209 1860 esse
1235 1836 1271 1860 v.
1299 1824 1391 1868 621,
1425 1836 1496 1859 nec
1522 1823 1681 1868 iudicio,

189 1892 256 1928 sed
288 1893 325 1927 vi
357 1896 397 1928 et
428 1893 547 1929 armis
580 1892 876 1942 quadruplicem
916 1893 1121 1942 pecuniam
1160 1905 1200 1928 se
1239 1891 1463 1928 ablaturum
1494 1892 1682 1927 minatur.

190 1960 445 1998 Phaedromus
472 1961 626 1997 demum
651 1961 710 1998 ius
736 1962 919 2008 minatur,
953 1964 992 1998 et
1021 1961 1187 1997 militem
1217 1961 1257 1996 in
1287 1961 1348 1996 ius
1379 1962 1493 1996 vocat
1528 1972 1561 1997 v.
1589 1959 1681 2005 (320,

190 2032 233 2065 ut
272 2030 339 2077 qui
378 2030 586 2078 ingenuam
624 2030 817 2077 virginem
856 2033 1048 2067 mercatus
1096 2032 1216 2075 esset,
1264 2028 1368 2078 quod
1407 2027 1685 2064 vindicabatur

188 2097 272 2144 lege
304 2098 428 2134 Fabia
460 2097 506 2134 de
537 2098 761 2147 plagiariis,
793 2112 828 2135 v.
864 2098 1014 2146 Digest.
1047 2098 1232 2144 XLVIII,
1270 2099 1331 2134 15.
1353 2116 1408 2121 —
1446 2093 1525 2145 Qui
1556 2092 1682 2133 scius.

188 2166 220 2202 B
266 2179 339 2203 sec.
387 2180 487 2203 man.
538 2164 699 2213 „scies“,
755 2166 859 2203 unde
913 2166 1170 2204 emendarunt
1218 2165 1377 2215 quidam
1427 2161 1566 2212 ,‚scis“‚
1615 2163 1682 2200 sed

190 2235 461 2272 coniunctivus
508 2235 602 2271 ferri
649 2239 792 2284 potest.
826 2255 881 2260 —-
922 2236 1014 2272 621.
1061 2230 1242 2273 Ambula
1278 2232 1325 2271 in
1363 2230 1448 2280 ius,
1498 2231 1545 2270 cf.
1589 2232 1681 2270 624.

189 2303 295 2341 Pers,
337 2304 429 2340 744.
505 2303 592 2341 Ter.
633 2303 788 2340 Phorm.
834 2305 926 2341 936.
1002 2303 1076 2340 XII
1117 2302 1238 2340 Tabb.
1279 2303 1342 2339 lex
1381 2304 1487 2338 erat:
1538 2300 1603 2347 „Si
1643 2301 1683 2337 in

190 2372 250 2408 ius
280 2376 406 2419 uocat,
455 2373 523 2409 ito.
585 2371 634 2408 Ni
666 2373 708 2419 it,
740 2370 1042 2410 antestaniino“.
1118 2371 1256 2420 Itaque
1287 2374 1456 2420 negante
1487 2370 1612 2407 milite
1643 2382 1684 2407 se

190 2441 336 2477 iturum
368 2440 621 2477 Phaedromus
662 2439 910 2486 (metesffccmm
956 2441 981 2477 i.
1015 2453 1046 2477 e.
1088 2444 1230 2476 testem
1268 2439 1383 2486 facit,
1431 2452 1471 2475 se
1511 2452 1557 2476 ex
1596 2438 1684 2485 lege

192 2508 461 2545 adversarium
500 2509 540 2545 in
579 2509 640 2545 ius
679 2521 849 2546 vocasse.
918 2508 1001 2545 Hoc
1038 2507 1158 2545 fiebat
1197 2512 1357 2557 arrepta
1395 2520 1489 2544 aure
1522 2507 1683 2543 alterius

191 2590 389 2625 personae,
438 2578 505 2626 qui
545 2578 578 2613 si
619 2590 751 2614 aurem
791 2575 1013 2626 praebebat,
1056 2576 1258 2613 fatebatur
1296 2589 1336 2612 se
1375 2575 1529 2612 audisse
1568 2587 1682 2611 voca-

191 2649 273 2681 tum
317 2649 355 2682 et
393 2645 466 2682 hoc
506 2658 548 2681 se
586 2645 848 2695 promittebat
884 2646 1113 2681 testimonio
1146 2658 1216 2681 suo
1249 2643 1588 2689 confirmatu1·um;
1634 2642 1680 2678 cl.

191 2713 310 2750 Poen.
349 2714 472 2750 1233:
518 2713 603 2761 „Ite
634 2715 674 2751 in
704 2715 783 2761 ius3
830 2726 878 2750 ne
909 2714 1131 2750 moramini.
1191 2712 1344 2750 AGOR.
1385 2712 1593 2748 Antestare
1623 2723 1683 2746 me

192 2786 311 2831 atquc
350 2780 487 2818 duce‘'.
550 2782 655 2819 Pers.
690 2784 768 2819 745
802 2795 882 2831 sq.:
933 2781 1029 2827 .,SA.
1069 2781 1113 2817 In
1151 2783 1212 2818 ius
1253 2793 1363 2818 uoco.
1423 2779 1503 2816 DO.
1543 2779 1682 2815 Nonne
