1854 3188
157 214 227 255 III,
241 216 272 258 4,
286 214 421 249 62-76
837 211 993 256 Captiui.
1574 217 1651 256 179

762 337 1044 391 Tyndarus

805 409 972 450 Ardent
1004 409 1141 461 oculi;
1171 409 1272 451 fune
1305 424 1425 464 opus,
1456 411 1607 464 Hegio.

154 483 298 526 Uiden
327 487 376 524 tu
405 481 468 523 illi
500 481 709 523 maculari
741 495 894 535 corpus
924 485 1068 523 totum
1098 482 1280 523 maculis
1313 482 1494 524 luridis?
1586 494 1652 528 590

155 555 264 596 Atra
292 554 392 596 bilis
424 554 563 608 agitat
592 553 821 595 hominem.

688 640 1120 694 Aristophontes

818 712 874 754 At
904 712 976 766 pol
1008 716 1064 763 te,
1099 712 1135 753 si
1164 712 1232 753 hic
1265 712 1407 765 sapiat
1441 726 1583 765 senex,

157 785 236 826 Pix
268 785 403 839 agitet
434 784 550 838 apud
583 784 843 826 carnuficem
874 789 1034 837 tuoque
1069 785 1203 838 capiti
1234 784 1439 825 inluceat.

764 871 1042 924 Tyndarus

156 943 249 986 Iam
279 944 563 986 deliramenta
594 943 798 996 loquitur,
831 943 981 984 laruae
1015 942 1240 985 stimulant
1273 944 1426 984 uirum.

820 1029 860 1070 H
872 1044 893 1071 e
905 1030 987 1083 gio

158 1103 270 1154 Quid
301 1103 365 1144 ais
375 1102 396 1143 ‚9
455 1101 580 1152 Quid,
614 1103 650 1143 si
682 1102 795 1143 hunc
827 1102 1121 1156 conprehendi
1150 1102 1379 1144 iusserim?

766 1190 798 1230 Τ
809 1204 835 1244 y
845 1204 873 1230 n
884 1190 911 1231 d
922 1203 947 1231 a
957 1204 979 1230 r
988 1204 1015 1230 u
1027 1204 1045 1230 s

1319 1261 1471 1315 Sapias
1503 1262 1652 1315 magis.

690 1333 1122 1388 Aristophontes

159 1405 339 1448 Crucior
369 1405 559 1459 lapidem
589 1419 675 1446 non
705 1404 865 1446 habere
896 1419 976 1457 me,
1010 1410 1057 1446 ut
1090 1404 1150 1446 illi
1183 1406 1412 1459 mastigiae
1589 1417 1654 1450 595

159 1476 394 1519 Cerebrum
425 1478 654 1527 excutiam,
689 1477 762 1530 qui
793 1491 860 1518 me
892 1477 1089 1519 insanum
1119 1477 1265 1519 uerbis
1291 1478 1522 1521 concinnat
1549 1478 1651 1519 suis.

766 1563 798 1604 T
808 1579 834 1618 y
845 1578 872 1604 n
884 1564 910 1605 d
920 1578 946 1605 a
954 1579 1013 1605 ru
1023 1578 1042 1605 s

156 1636 301 1678 Audin
332 1636 522 1690 lapidem
553 1636 801 1690 quaeritare
811 1636 831 1676 ‘?

695 1708 1121 1762 Aristophontes

880 1779 1003 1821 Solus
1037 1784 1078 1821 te
1112 1780 1249 1821 solum
1280 1780 1393 1832 uolo,

156 1852 307 1907 Hegio.

821 1923 862 1964 H
872 1937 894 1965 e
904 1937 930 1976 g
941 1925 953 1964 i
966 1938 989 1965 o

392 1995 529 2037 Istinc
560 1995 750 2048 loquere,
784 1996 820 2036 si
852 1995 956 2049 quid
987 1996 1052 2036 uis
1067 2012 1074 2046 3
1107 1995 1259 2049 procul
1290 2001 1436 2037 tamen
1468 1996 1653 2038 audiam.

766 2066 798 2107 T
807 2082 833 2120 y
843 2082 871 2108 n
885 2067 910 2108 d
923 2081 948 2108 a
957 2082 1015 2108 ru
1028 2082 1044 2109 s

155 2138 353 2192 Namque
386 2137 538 2192 edepol
570 2139 606 2180 si
638 2138 808 2180 adbites
839 2140 1031 2193 propius⁷
1066 2153 1112 2180 os
1146 2139 1373 2181 denasabit
1404 2139 1486 2181 tibi

156 2211 392 2254 Mordicus.

695 2282 1120 2337 Aristophontes

362 2353 515 2408 Neque
543 2354 618 2408 pol
648 2368 715 2396 me
745 2355 958 2406 insanum,
991 2354 1142 2408 Hegio,
1176 2368 1267 2396 esse
1301 2354 1470 2396 creduis
1588 2365 1655 2397 600

156 2425 307 2479 Neque
317 2425 453 2468 fuisse
469 2440 676 2479 umquam
692 2439 831 2479 neque
850 2440 941 2467 esse
958 2426 1167 2479 morbum,
1182 2440 1309 2480 quem
1324 2426 1423 2467 istic
1442 2428 1652 2466 autumat.

157 2497 321 2540 Uerum
351 2499 386 2539 si
418 2497 521 2551 quid
551 2498 708 2539 metuis
741 2511 767 2538 a
797 2511 878 2550 me,
911 2497 1012 2539 iube
1044 2511 1111 2539 me
1142 2498 1310 2539 uinciri.
1370 2496 1492 2547 Uolo,

157 2568 272 2610 Dum
301 2569 403 2610 istic
433 2569 585 2611 itidem
615 2570 847 2611 uinciatur.

249 2737 315 2771 589
341 2737 438 2772 oculi
461 2736 505 2771 fit
529 2748 621 2782 opus
704 2739 770 2773 592
794 2739 887 2772 Atra
909 2739 974 2783 pix
1056 2738 1122 2772 594
1147 2737 1200 2771 ais
1226 2747 1289 2770 om.
1361 2736 1425 2768 601
1452 2745 1561 2777 quem
1586 2744 1651 2768 om.

158 2792 225 2827 602
249 2793 392 2828 uincire

1317 2860 1377 2892 12ss
