1854 3188
245 213 300 252 24
924 215 1046 250 Plauti
1458 220 1506 264 Π,
1520 223 1551 266 4,
1565 224 1688 267 13-5,
1708 225 1736 258 e

908 340 1131 395 Congrio

244 406 350 460 Ego,
383 411 426 449 et
455 409 591 451 mult-o
623 410 785 453 melior.
1146 417 1148 419 ’

854 482 1131 526 Strobilus

750 553 941 609 Coquom
973 570 1064 609 ego,
1095 571 1180 598 non
1210 556 1359 610 furem,
1391 573 1509 613 rogo.

875 634 1105 688 Congrio

248 699 442 755 Coquom
475 716 574 756 ergo
607 703 716 746 dico.

856 776 1128 820 Strobilus

791 847 901 898 Quid
932 853 979 890 tu
1011 851 1104 892 ais‘?

873 928 1113 970 Anthrax

1166 1001 1236 1044 Sic
1269 1017 1375 1055 sum,
1407 1008 1456 1045 ut
1484 1005 1619 1046 uides.
1667 1017 1742 1051 315,

880 1070 1112 1125 Congrio

252 1138 421 1192 Coquos
452 1139 524 1181 ille
556 1140 846 1195 nundinalist3
877 1144 921 1185 in
951 1158 1113 1186 nonum
1145 1145 1257 1187 diem

252 1209 372 1252 Solet
402 1211 464 1252 ire
497 1214 680 1255 coctum.

874 1287 1119 1329 Anthrax

750 1359 844 1400 Tun
874 1360 1006 1401 trium
1035 1360 1280 1402 litterarum
1309 1361 1437 1404 homo

250 1432 320 1474 Me
351 1433 603 1487 uituperas‘?
634 1431 724 1474 fur!
758 1432 887 1474 etiam
918 1431 1008 1472 fur!
1041 1432 1298 1475 trifurcifer!

863 1513 1140 1557 Strobilus

252 1588 368 1629 Tace
398 1602 514 1630 1111110
545 1589 633 1630 iam
662 1591 722 1639 tu,
755 1591 886 1641 atque
919 1600 1078 1641 agnum
1108 1588 1220 1640 hinc,
1252 1593 1349 1630 uter
1380 1594 1445 1631 est
1476 1591 1688 1644 pinguior,

251 1660 364 1702 Eum
395 1674 503 1712 cape.

874 1737 1119 1780 Anthrax

527 1811 661 1852 Licet.

865 1881 1143 1923 Strobilus

713 1953 788 2005 Tu,
822 1952 1017 2005 Congrio,
1050 1968 1146 1995 eum
1179 1969 1299 1996 sume
1331 1957 1505 1997 alterum
1676 1969 1743 2003 320

255 2029 397 2081 Atque
430 2027 501 2068 abi
531 2027 644 2068 intro
675 2026 790 2077 illuc,
823 2030 867 2067 et
897 2040 975 2066 uos
1005 2025 1126 2066 11111111
1157 2027 1395 2079 sequimini.

258 2099 349 2141 L'os
380 2099 513 2141 ceteri
543 2099 602 2140 ite
632 2097 716 2139 huc
748 2098 803 2139 ad
832 2112 924 2139 nos.

886 2184 1111 2238 Congrio

927 2256 1083 2298 Hercle
1114 2258 1272 2298 iniuria

258 2330 577 2385 Dispertiuisti3
608 2329 880 2383 pinguiorem
912 2343 1069 2382 agnum
1100 2330 1174 2370 isti
1204 2328 1378 2370 habent.

870 2410 1145 2453 Strobilus

259 2486 315 2527 At
345 2499 459 2526 nunc
491 2484 667 2525 dabitur
696 2483 778 2525 tibi
809 2484 1009 2537 pinguior
1040 2484 1232 2525 tibicina.

351 2614 418 2647 314
441 2612 523 2657 Ego
549 2614 591 2645 ut
614 2611 733 2646 multo
795 2611 859 2645 315
885 2621 952 2654 ego
1001 2611 1067 2644 317
1093 2611 1187 2644 Tum
1251 2613 1317 2645 318
1341 2611 1407 2645 fur.
1435 2611 1597 2646 STROB.
1622 2611 1748 2646 Etiam

259 2669 318 2703 sur
432 2669 535 2704 Inter
570 2670 636 2702 318
672 2672 706 2702 et
742 2669 807 2702 319
844 2668 970 2701 titulus
1005 2667 1212 2702 webrz'catzos
1250 2667 1521 2703 STROBILUS
1561 2667 1746 2703 SERUUS

261 2724 478 2760 GONGRIO
517 2724 664 2760 COCUS
760 2725 825 2769 319
849 2723 936 2757 hinc
962 2724 1118 2757 interest
1211 2726 1278 2758 320
1299 2724 1397 2758 Eum
1423 2735 1511 2768 cape
1536 2729 1569 2758 et
1594 2725 1751 2759 alterum

261 2792 327 2817 om.
437 2784 504 2817 322
529 2782 640 2816 ceteri
665 2781 750 2815 111110
776 2780 823 2814 ad
928 2781 992 2814 323
1016 2780 1249 2824 pingulorem
1342 2782 1409 2815 324
1432 2780 1609 2825 pingulor
