1897 3171
260 200 340 239 508
927 193 1082 238 Captiui.

257 326 353 363 Mox
385 326 464 363 812
498 338 581 373 sqq.
615 324 750 360 durius
783 324 899 361 etiam
930 337 952 360 a
982 323 1098 359 laniis
1130 322 1178 358 ad
1216 325 1424 371 petronem
1456 323 1662 359 transitur.
1697 342 1753 348 ·-—

260 394 352 431 808.
385 392 563 430 Piscator
594 393 721 441 pisces
751 404 829 428 non
862 391 1040 428 vehiculo
1073 390 1142 426 sed
1174 389 1356 427 corbibus
1387 389 1436 426 ad
1467 390 1632 427 clitellas
1665 391 1751 427 alli-

261 462 373 509 gatiS,
407 461 572 497 fortasse
596 461 679 508 ipse
707 459 842 496 eodem
875 472 974 508 equo
1007 462 1154 504 vectus,
1187 459 1226 494 in
1252 457 1387 494 urbem
1411 462 1651 505 portaverat,
1685 458 1752 496 sed

258 529 328 566 vili
367 541 487 577 eqUO,
537 525 759 574 cantherio,
806 542 840 565 v.
877 527 926 564 ad
957 527 1089 564 Aulul.
1122 527 1222 570 487,
1270 538 1462 562 sessorem
1502 528 1756 575 quassatione

262 597 472 634 immodica
504 593 715 642 crucianti,
750 598 897 646 quippe
930 596 1038 632 cuius
1071 597 1262 643 quattuor
1287 593 1431 643 pedum
1458 594 1602 641 singuli
1627 598 1755 631 motus

261 666 501 710 sentiantur,
546 678 580 701 v.
614 664 661 701 ad
693 665 801 700 Asin.
836 665 930 701 701.
990 663 1170 699 Imitatus
1211 666 1269 699 est
1299 662 1496 698 Ausonius
1528 662 1654 711 Epist.
1689 663 1754 709 21,

264 735 334 772 38:
381 732 598 779 „trinodem
631 732 832 781 dactylum
864 731 954 768 Vidi
986 734 1169 779 paratum
1203 730 1393 767 crucianti
1426 728 1667 767 cantherio“.
1699 750 1757 755 —

264 803 356 840 809.
390 797 731 838 subbasilicanos.
778 800 910 836 Pisces
942 806 1021 836 tam
1052 811 1174 848 prope
1206 798 1408 835 basilicam
1431 798 1681 847 prostabant,
1714 802 1758 835 ut

263 883 398 907 eorum
440 869 536 907 odos
575 870 642 914 iis,
692 869 758 917 qui
801 869 838 904 in
884 867 1044 904 basilica
1089 866 1362 913 versabantur,
1409 867 1596 904 molestus
1643 872 1756 904 esset..

265 939 453 976 Homines
497 938 552 974 ibi
603 940 804 972 versantes
843 940 1196 973 commemorantur
1235 934 1386 971 Curcul.
1420 936 1497 971 471
1536 948 1620 984 sqq.
1697 935 1760 971 Ex

264 1011 432 1055 utroque
479 1010 609 1042 autem
646 1005 733 1041 loco
781 1017 896 1040 unam
935 1005 1057 1041 solam
1097 1008 1261 1052 apparet
1301 1003 1370 1040 illo
1411 1008 1588 1052 tempore
1626 1002 1760 1040 Romae

266 1075 470 1112 basilicam
501 1074 631 1110 fuisse.
694 1073 769 1110 Sed
804 1072 902 1109 illud
942 1077 1095 1121 tempus
1135 1076 1267 1108 utrum
1298 1071 1431 1108 Plauti
1470 1072 1593 1120 ipsius
1623 1071 1762 1118 fuerit,

266 1157 315 1181 an
346 1143 386 1179 hi
418 1155 552 1178 versus
585 1146 676 1191 post
710 1143 791 1178 eius
824 1146 980 1178 aetatem
1013 1142 1268 1185 accesserint,
1312 1139 1495 1176 dubitant
1535 1140 1609 1176 viri
1641 1140 1758 1186 docti,

265 1213 432 1262 primam
473 1212 576 1247 enim
608 1210 741 1247 Romae
780 1210 981 1247 basilicam
1020 1208 1199 1245 Porciam
1231 1208 1350 1245 fuisse
1383 1208 1525 1245 docent
1564 1221 1586 1244 a
1616 1207 1761 1245 Catone

268 1292 428 1316 censore
462 1278 693 1315 aedificatam
726 1278 863 1315 eodem
892 1291 1003 1324 anno,
1036 1289 1112 1326 quo
1140 1276 1304 1313 Plautus
1329 1280 1505 1313 mortuus
1537 1279 1600 1313 sit.
1648 1275 1761 1322 Quod

267 1347 371 1385 unde
404 1348 604 1393 noverint,
653 1346 833 1396 equidem
872 1347 1021 1392 nescio,
1067 1359 1156 1381 nam
1188 1345 1321 1381 Livius
1353 1337 1512 1393 quidem
1545 1358 1646 1381 anno
1681 1345 1760 1382 210

269 1431 302 1454 a.
331 1416 420 1453 Chr.
445 1430 484 1453 -n,
512 1415 685 1452 nondum
718 1415 902 1452 basilicas
926 1415 1059 1451 Romae
1092 1413 1211 1450 fuisse
1242 1417 1420 1458 test-atur,
1453 1412 1594 1459 XXVI,
1624 1414 1687 1458 27,
1717 1414 1762 1459 3;

269 1488 355 1522 tum
372 1483 556 1530 XXXIX,
577 1485 641 1530 44,
671 1484 693 1521 7
723 1482 867 1530 „Cat0“
896 1483 1027 1532 inquit·
1058 1482 1184 1527 „atria
1209 1481 1298 1527 duo,
1327 1481 1513 1518 Maenium
1538 1484 1577 1517 et
1602 1480 1762 1526 Titium,

270 1555 310 1590 in
352 1553 573 1590 Lautumiis
612 1557 650 1588 et
690 1556 880 1601 quattuor
921 1551 1105 1587 tabernas
1147 1551 1187 1586 in
1222 1549 1422 1599 publicum
1463 1552 1579 1594 emit,
1627 1550 1764 1588 basili—

270 1635 432 1671 camque
463 1621 518 1657 ibi
544 1621 647 1666 fecit,
682 1633 766 1669 quae
793 1620 932 1657 Porcia
959 1619 1159 1669 appellata
1184 1615 1284 1656 est“.
1331 1617 1504 1654 Primam
1535 1618 1655 1655 fuisse
1685 1632 1765 1655 non

270 1690 386 1735 dicit,
435 1702 503 1726 nec
544 1688 757 1738 quidquam
798 1688 944 1729 obstat,
994 1701 1070 1737 quo
1110 1689 1236 1724 minus
1275 1690 1366 1723 ante
1407 1700 1490 1723 eam
1530 1687 1608 1723 alia
1646 1686 1765 1723 fuerit

271 1758 379 1795 nullo
419 1758 574 1794 nomine
615 1758 802 1804 insignis;
850 1756 1072 1793 nominibus
1112 1756 1215 1792 enim
1255 1758 1339 1792 tum
1379 1755 1533 1791 demum
1565 1767 1664 1804 opus
1695 1758 1763 1800 est,

271 1826 340 1864 ubi
371 1826 507 1875 plures
539 1830 641 1862 sunt.
717 1825 821 1862 Foro
863 1826 1039 1861 iunctam
1078 1824 1216 1869 fuisse,
1265 1828 1303 1860 et
1335 1836 1395 1860 res
1426 1823 1602 1872 postulat
1634 1828 1673 1859 et
1702 1822 1769 1860 hic

272 1894 383 1931 locus
416 1894 610 1940 ostendit,
657 1894 703 1930 ab
745 1894 868 1930 altera
905 1898 1018 1943 parte
1056 1892 1272 1942 piscatorio
1312 1892 1398 1929 foro
1437 1892 1605 1927 vicinam
1647 1891 1766 1928 fuisse

272 1962 462 1999 videmus,
523 1963 579 1999 Ac
608 1961 695 1999 fieri
725 1966 870 2011 potest,
904 1966 949 1998 ut
979 1974 1058 1998 non
1089 1973 1229 1997 novam
1261 1960 1464 1997 basilicam
1497 1959 1767 1996 adificaverint

274 2045 307 2068 a.
346 2032 420 2067 179
456 2043 636 2067 censores
668 2030 831 2068 Fulvius
873 2035 911 2067 et
943 2029 1145 2074 AEmilius,
1188 2028 1256 2065 sed
1295 2028 1495 2077 antiquam
1536 2028 1766 2076 ampliorem

276 2103 315 2136 et
346 2099 653 2148 splendidiorem
685 2099 869 2146 fecerint,
903 2113 937 2136 V.
973 2098 1057 2135 Liv.
1090 2096 1172 2142 XL,
1212 2098 1274 2142 51,
1311 2098 1352 2132 5:
1406 2095 1482 2141 „M.
1517 2095 1679 2133 Fulvius
1710 2096 1768 2133 lo-

275 2168 379 2204 cavit
405 2197 412 2204 .
433 2197 440 2204 .
461 2197 468 2203 .
498 2164 698 2204 basilicam
729 2171 821 2216 post
853 2167 1095 2215 argentarias
1128 2178 1249 2202 novas
1282 2169 1321 2201 et
1352 2164 1478 2201 forum
1509 2165 1766 2213 piscatorium

276 2234 525 2272 circumdatis
570 2235 765 2281 tabernis.
813 2248 908 2284 quas
954 2234 1134 2271 vendidit
1179 2234 1220 2269 in
1259 2231 1500 2282 privatum⁴⁴.
1541 2252 1596 2256 —
1641 2228 1773 2282 abigit

275 2304 368 2340 olim
400 2303 660 2340 emendatum.
722 2303 908 2340 Priscian.
942 2303 972 2349 1,
1007 2304 1071 2348 40,
1104 2315 1142 2351 p.
1170 2303 1217 2338 31
1245 2301 1293 2338 H.
1327 2305 1532 2350 corrupte:
1572 2300 1767 2348 ..adegit“.

275 2392 330 2396 —-
363 2373 455 2410 810.
490 2367 750 2419 Surpiculus,
783 2372 845 2407 vel
877 2371 1099 2420 sirpiculus,
1131 2374 1177 2406 ut
1202 2369 1296 2406 alibi
1321 2368 1518 2415 scribitur,
1552 2369 1619 2406 sed
1641 2371 1772 2406 minus

276 2445 404 2486 recte,
438 2441 625 2489 quoniam
658 2453 679 2475 a
712 2439 960 2488 surripiendo
993 2439 1140 2475 dictum
1171 2437 1347 2483 videtur,
1381 2437 1509 2474 corbis
1540 2448 1665 2488 genus
1697 2442 1767 2483 est,

279 2508 382 2558 quod
415 2512 453 2544 et
481 2507 688 2545 olitoribus
714 2507 753 2543 in
777 2520 850 2544 usu
877 2512 974 2552 erat,
1009 2520 1044 2544 v,
1064 2506 1189 2545 Lucil.
1216 2519 1277 2555 ap.
1296 2505 1397 2543 Non.
1423 2519 1462 2555 p.
1481 2506 1583 2543 490:
1621 2507 1771 2554 „surpi-

278 2577 431 2625 culique
463 2574 712 2620 oler01·um“;
752 2575 867 2624 Prop.
902 2575 966 2621 IV,
1002 2577 1037 2620 2,
1072 2577 1145 2612 40:
1184 2574 1413 2623 ..Sirpiculis
1444 2574 1575 2611 medio
1608 2574 1772 2623 pulvere

278 2646 381 2681 ferre
414 2651 583 2689 rosam“,
619 2648 658 2680 et
688 2644 964 2693 piscatoribus,
999 2643 1045 2680 cf.
1079 2642 1268 2692 Pompon.
1294 2656 1329 2679 v,
1363 2644 1460 2679 119:
1497 2641 1623 2687 „Quid
1654 2642 1773 2678 habes

280 2715 319 2750 in
344 2713 565 2763 surpiculiS,
593 2710 732 2749 calue‘?
757 2732 809 2736 -—
834 2712 956 2750 Omne
982 2712 1122 2760 piscati
1148 2710 1310 2758 genus“.
1336 2730 1390 2734 —
1415 2711 1507 2747 811.
1543 2706 1770 2747 exhibea‘nt.

281 2781 521 2830 Scripturam
566 2780 814 2828 „exibeant“,
855 2793 940 2830 quae
979 2783 1016 2815 et
1053 2779 1127 2816 hoc
1168 2779 1254 2816 loco
1294 2779 1333 2815 in
1364 2779 1394 2815 B
1436 2782 1474 2814 et
1514 2778 1609 2814 alibi
1651 2782 1774 2824 extat,
