1897 3171
255 214 278 250 2
285 212 336 250 78
897 205 1096 240 Aulularia.

255 342 333 384 est;
381 337 448 374 sed
487 337 601 386 plura
639 340 810 383 restant3
858 350 945 374 nam
984 338 1115 385 inepte
1155 334 1297 371 dicitur
1335 333 1396 370 hic
1429 346 1606 382 quoque,
1651 334 1743 382 quia

254 408 289 444 ei
319 407 397 443 Lar
427 406 617 443 honorem
656 418 733 442 non
769 406 975 452 tribuerit,
1022 406 1200 441 mortuus
1241 415 1344 448 esse,
1393 403 1505 451 quasi
1542 401 1655 440 Laris
1691 403 1743 439 sit

252 479 417 513 mortem
447 478 486 511 et
515 475 635 511 vitam
666 474 839 511 tribuere
879 478 938 521 et,
982 474 1048 522 qui
1076 472 1218 509 Larem
1248 472 1312 521 pie
1343 471 1496 517 colant,
1529 483 1742 519 numquam

252 546 419 580 mortem
451 543 604 580 obeant.
682 543 755 589 Qui
787 546 991 580 enarrant:
1044 555 1158 589 „nam
1190 541 1222 577 is
1253 552 1409 589 quoque
1440 539 1481 576 111
1512 540 1671 576 miseria
1703 542 1742 576 et

251 614 485 662 paupertate
516 614 697 649 mortuus
730 610 826 658 est“,
860 612 982 660 magis
1014 610 1109 660 quid
1140 610 1216 658 ipsi
1245 609 1394 655 velint,
1427 621 1543 657 quam
1576 607 1670 657 quid
1701 621 1743 644 re

251 692 344 716 vera
375 679 564 728 scriptum
595 681 657 727 sit,
691 683 882 728 spectant.
938 679 1066 724 Quare
1097 692 1176 716 non
1209 677 1359 723 dubito,
1394 676 1490 726 quin
1520 675 1583 712 hic
1607 689 1743 713 versus

251 751 318 785 aut
334 750 492 798 spurius
509 749 569 795 sit,
599 752 667 784 aut
689 749 871 796 graviore
898 748 1031 795 aliqua
1046 747 1202 784 laboret
1219 744 1454 795 corruptela.
1501 743 1546 780 In
1563 744 1742 793 proximo

250 830 365 853 versu
405 817 556 854 Nonius
593 830 631 866 p.
675 818 753 853 375
798 813 906 862 „his“
949 827 1021 864 pro
1064 813 1143 862 „is“
1186 814 1316 851 habet.
1390 812 1583 850 Maiorem
1622 812 1741 850 offen-

250 885 399 922 sionem
440 885 558 922 habet
591 888 815 934 anapaestus
845 886 1041 934 pessimus
1077 883 1138 930 „Is
1170 896 1216 921 ex
1247 895 1288 919 se
1319 879 1461 927 hunc“,
1504 894 1548 918 ac
1580 880 1743 918 Guietus

253 953 412 1002 quidem
449 967 521 999 „ex
551 952 615 990 se“
652 953 821 991 delebat.
883 953 958 999 Qui
989 953 1148 990 fortiter
1180 951 1378 998 corrigere
1408 949 1523 997 velit,
1566 950 1621 986 sic
1652 951 1743 987 scri-

251 1019 346 1057 bere
378 1024 524 1070 possit:
575 1022 637 1069 „Is
675 1025 721 1058 ut
759 1021 859 1059 obiit
891 1021 1012 1067 diem,
1052 1020 1112 1058 Ex
1143 1034 1184 1057 se
1214 1020 1316 1056 hunc
1348 1016 1559 1067 reliquit“;
1594 1015 1740 1066 ,‚obiit“

251 1102 324 1138 pro
355 1089 485 1127 iambo
515 1090 593 1138 legi
624 1093 776 1139 potest,
815 1090 894 1127 vid.
927 1090 976 1127 ad
1007 1090 1116 1127 Asin.
1151 1088 1244 1127 735.
1285 1108 1340 1113 —-
1381 1088 1432 1124 24
1465 1099 1523 1136 sq.
1556 1086 1646 1126 twre
1676 1088 1745 1125 (cut

252 1154 351 1195 ‘102'an
384 1188 391 1195 .
419 1188 461 1195 ..
496 1169 681 1196 coronas.
749 1158 805 1195 Cf.
841 1160 932 1196 377.
975 1159 1069 1196 Hor.
1103 1158 1175 1195 Od.
1214 1157 1290 1204 III,
1340 1157 1409 1203 23,
1459 1157 1502 1193 3:
1561 1156 1626 1204 „Si
1656 1159 1744 1194 ture

251 1226 423 1275 placaris
465 1230 504 1263 et
540 1227 666 1265 horna
706 1227 834 1276 Fruge
873 1227 993 1264 Lares
1034 1227 1226 1276 avidaque
1265 1222 1423 1274 porca“.
1495 1224 1581 1262 Tib.
1614 1225 1643 1273 Ι,
1680 1227 1742 1274 10,

255 1295 328 1331 21:
380 1295 474 1341 „His
505 1296 681 1344 placatus
714 1299 816 1343 erat,
857 1309 924 1333 seu
957 1297 1044 1345 quis
1075 1295 1272 1333 libaverat
1302 1307 1438 1340 uvam,
1473 1293 1550 1331 Seu
1582 1294 1746 1332 dederat

253 1367 397 1400 sanctae
430 1365 562 1413 spicea
593 1369 701 1402 serta
731 1364 890 1403 comae⁴⁴.
938 1364 1022 1402 Cat.
1050 1364 1093 1401 R.
1121 1364 1166 1401 R.
1198 1363 1297 1400 143:
1334 1362 1560 1410 ‚,Kalendis,
1594 1363 1742 1411 Idibus,

252 1433 394 1480 Nonis,
443 1433 565 1471 festus
605 1434 688 1471 dies
728 1447 844 1482 quom
884 1434 977 1480 erit,
1025 1446 1209 1470 coronam
1250 1433 1289 1469 in
1328 1432 1456 1468 focum
1494 1432 1626 1479 indat,
1674 1423 1745 1481 per

253 1501 489 1551 eosdemque
521 1503 602 1539 dies
634 1503 728 1540 Lari
758 1503 942 1540 familiari
972 1515 1044 1552 pro
1077 1503 1190 1550 copia
1229 1500 1465 1551 supplicet‘.
1536 1500 1744 1539 Donaticas

254 1570 444 1607 eiusmodi
477 1584 638 1608 coronas
664 1572 804 1621 capitis
827 1571 987 1608 modum
1012 1571 1222 1607 excessisse
1247 1573 1421 1607 testatur
1446 1569 1555 1606 Festi
1570 1569 1743 1620 Epitom.

252 1652 290 1687 p.
326 1640 389 1676 69.
422 1660 477 1663 —
509 1641 573 1677 27.
614 1639 727 1678 Hunc
765 1653 922 1677 versum
961 1653 1080 1689 quum
1112 1638 1264 1676 Deenik
1301 1638 1341 1675 in
1379 1638 1641 1687 suspicionem
1679 1651 1746 1675 vo-

253 1711 389 1755 casset,
422 1709 604 1758 Wagner.
637 1709 794 1746 omnino
827 1709 997 1746 sustulit.
1072 1708 1241 1753 Iniuria3
1282 1706 1375 1756 quid
1407 1707 1507 1743 enim
1540 1706 1646 1743 aliud
1679 1707 1746 1744 ob-

255 1776 402 1822 stabat,
443 1790 520 1826 quo
551 1779 679 1815 minus
710 1777 929 1827 Lyconides
959 1778 1150 1827 puellam,
1192 1789 1307 1826 quam
1340 1775 1509 1821 amabat,
1543 1775 1746 1812 confestim

252 1858 412 1882 uxorem
443 1845 622 1893 duceret,
671 1860 787 1896 quam
826 1848 913 1895 ipsa
950 1845 1191 1895 paupertas?
1237 1848 1304 1882 aut
1341 1844 1437 1894 quid
1477 1844 1517 1881 in
1547 1844 1747 1882 Euclionis

252 1918 488 1962 paupertate
534 1915 738 1952 molestius
787 1920 890 1962 erat,
946 1928 1062 1964 quam
1117 1913 1220 1963 quod
1265 1912 1384 1950 filiam
1430 1913 1624 1950 collocare
1669 1926 1747 1950 non

253 1986 430 2030 poterat,
477 1987 522 2020 ut
553 1984 634 2033 ipse
674 1985 728 2020 ait
758 1998 793 2021 v.
831 1980 938 2020 184?
999 1983 1109 2029 Quod
1150 1985 1281 2019 autem
1313 1982 1448 2019 dicunt
1479 1981 1638 2028 Larem,
1686 1986 1746 2018 ut-

253 2054 344 2101 pote
376 2051 504 2098 deum,
544 2054 642 2089 scire
675 2053 875 2098 debuisse,
917 2052 1103 2089 thesauro
1144 2054 1303 2100 reperto
1335 2050 1383 2087 ad
1422 2050 1520 2086 hanc
1559 2063 1638 2086 rem
1671 2063 1747 2087 non

254 2132 351 2168 opus
375 2120 472 2166 fore,
506 2125 545 2157 et
575 2123 827 2170 antiquorum
852 2121 1078 2170 religionem
1103 2133 1241 2169 parum
1266 2119 1505 2166 intelligunt,
1538 2132 1609 2155 nec
1633 2131 1746 2168 repu-

254 2193 340 2226 tant
371 2192 493 2227 eiecto
524 2189 597 2227 hoc
635 2202 752 2226 versu
789 2203 945 2226 manere
983 2189 1276 2235 difficultatem,
1318 2189 1349 2225 si
1389 2187 1547 2237 quidem
1583 2186 1746 2234 ..Nam“,

254 2258 361 2308 quod
392 2259 582 2308 sequitur,
624 2257 786 2294 eandem
818 2258 967 2295 indicat
999 2259 1204 2295 rationem.
1236 2277 1292 2282 —
1326 2258 1389 2294 30.
1431 2266 1560 2304 neque
1599 2256 1746 2302 centem,

255 2328 301 2365 ef.
334 2328 490 2364 Luat-et.
522 2326 551 2373 I,
586 2328 678 2364 857.
711 2326 780 2372 III,
817 2329 908 2364 561.
951 2326 1015 2373 IV,
1054 2329 1142 2364 152.
1186 2326 1249 2373 VI,
1288 2327 1377 2363 103.
1418 2325 1494 2362 (Tic.
1528 2324 1576 2361 ad
1608 2323 1745 2361 Famil.

254 2396 298 2443 V,
336 2398 397 2443 12,
432 2398 467 2433 ὕ.
506 2399 568 2442 „et
598 2393 756 2432 autem“
791 2395 875 2433 Mil.
907 2396 1026 2441 1142,
1058 2395 1126 2432 ubi
1156 2395 1235 2432 vid.
1267 2415 1322 2419 —
1355 2395 1418 2431 31.
1454 2391 1501 2431 (Ζο
1526 2404 1745 2442 promcmo,

254 2479 300 2502 ex
330 2466 485 2511 vicinia,
518 2466 680 2509 vicinus,
714 2464 759 2501 cs.
790 2465 880 2501 164.
914 2465 1007 2501 282.
1039 2485 1094 2489 —
1129 2466 1192 2501 35.
1224 2460 1271 2501 IS
1303 2462 1477 2500 abundat
1498 2466 1592 2512 post
1619 2459 1746 2508 „hic“,

253 2534 332 2571 vid.
366 2534 416 2571 ad
446 2534 554 2571 Asin.
592 2534 682 2571 523.
723 2552 779 2557 -
818 2533 881 2569 36.
930 2528 1090 2571 Cereris
1130 2534 1205 2569 iam
1244 2534 1285 2569 in
1315 2531 1346 2568 B
1379 2531 1651 2576 emendatum3
1699 2530 1745 2568 cf.

255 2604 348 2641 788.
411 2603 600 2651 Mysteria
630 2602 917 2650 intelliguntur,
965 2601 1133 2638 fortasse
1174 2603 1260 2649 ipsa
1298 2601 1514 2646 Eleusinia,
1556 2599 1635 2636 vid.
1668 2600 1745 2636 Cic.

255 2672 302 2708 de
327 2671 499 2720 Legibus
524 2671 572 2718 ΙΙ,
607 2672 674 2720 (1111
698 2683 817 2719 quum
844 2671 879 2716 9,
915 2671 962 2706 21
991 2670 1260 2719 praecepisset:
1298 2671 1513 2716 „nocturna
1538 2669 1748 2705 mulierum

254 2739 445 2777 sacrificia
490 2753 538 2777 ne
584 2737 740 2787 sunto“,
787 2752 878 2776 mox
920 2739 988 2785 14,
1039 2739 1087 2776 35
1131 2738 1260 2786 „Quid
1298 2736 1417 2786 ergo⁶⁴
1461 2737 1591 2787 inquit
1634 2739 1750 2783 „aget

252 2808 412 2846 Iacchus
437 2808 763 2858 Eumolpidaeque
789 2808 911 2845 vestri
935 2810 973 2844 et
1004 2810 1169 2854 augusta
1194 2806 1261 2843 illa
1288 2806 1486 2855 mysteria,
1519 2806 1551 2842 si
1583 2803 1740 2854 quidem
