1897 3171
253 200 335 239 420
897 192 1109 228 Bacchides.

251 325 442 363 646—48
485 323 620 361 cretici
650 323 891 369 tetrametri,
939 335 1107 372 quorum
1139 322 1235 359 duos
1267 323 1420 372 priores
1452 322 1482 359 B
1518 336 1596 361 uno
1630 316 1746 361 {rersu

252 391 558 442 comprehendit.
622 386 826 429 Parmeno
865 393 903 427 et
945 385 1077 440 Syrus
1121 390 1284 439 vulgata
1329 403 1532 428 servorum
1571 392 1742 429 nomina.

251 480 306 486 —-
338 460 430 497 649.
464 458 708 496 Creticorum
739 459 879 496 seriem
911 457 1062 495 claudit
1092 471 1226 495 versus
1259 471 1306 495 ex
1338 457 1500 508 dipodia
1531 459 1743 506 trochaica,

251 528 408 574 cretico,
441 527 755 577 penthemimere
786 526 984 564 trochaico
1016 526 1271 576 compositus.
1318 525 1451 564 Herm.
1470 526 1514 564 R.
1533 526 1591 564 Fl.
1611 527 1743 565 deleto

252 596 326 634 aut
382 608 537 633 versum
568 608 590 632 a
621 595 772 632 duobus
804 594 958 631 creticis
989 595 1245 643 incipientem
1277 594 1439 631 faciunt.
1501 594 1743 644 Spengelius,

252 664 383 701 Plaut.
415 677 454 714 p.
492 664 589 710 161,
628 666 672 700 ut
702 675 772 700 nos
803 665 932 699 totum
963 662 1092 699 locum
1124 661 1173 698 ad
1205 662 1356 699 codices
1387 662 1491 699 solos
1523 663 1658 712 exigit.
1692 683 1740 689 —

252 731 332 770 650
371 734 526 769 constat
564 745 610 769 ex
649 731 985 780 hephthemimere
1016 729 1218 767 trochaico
1248 729 1309 766 bis
1340 731 1525 779 repetito.
1553 750 1607 755 —-
1641 731 1741 768 651:

251 814 1046 829 —————————————
1055 826 1063 842 ,
1097 800 1183 834 tum
1214 797 1413 846 penthem.
1446 798 1570 836 troch.
1622 798 1668 836 R.
1700 802 1744 836 ut

252 869 408 906 criticos
441 867 625 914 efficeret,
658 870 739 904 tres
770 879 905 903 versus
936 865 1037 902 tales
1068 865 1249 902 refinxit:

421 935 595 985 Nequius
625 935 680 972 nil
712 948 829 984 quam
861 947 978 982 egens
1010 934 1151 972 consili
1182 946 1318 971 seruos
1350 937 1409 971 est

422 1003 509 1041 Nisi
540 1005 572 1041 is
603 1003 723 1040 habet
753 1002 1012 1051 multipotens
1043 1005 1191 1052 pectus,
1224 1004 1269 1038 ut
1301 1002 1430 1051 copias

421 1071 664 1120 Ubicumque
694 1084 788 1108 usus
821 1072 906 1117 siet,
938 1074 1098 1120 pectore
1129 1072 1286 1118 promat
1317 1082 1399 1107 suo.

252 1129 398 1178 consili
423 1140 508 1178 cod.
527 1140 567 1178 C.
591 1159 648 1164 —
672 1136 756 1177 nisi
787 1134 911 1177 habet
937 1135 1207 1186 multipotens
1227 1136 1394 1186 pectus;
1425 1139 1544 1175 etiam
1568 1138 1742 1186 integras

251 1210 470 1246 sententias
507 1207 707 1245 interdum
745 1220 907 1256 prorsus
947 1219 1210 1256 supervacuas
1252 1205 1363 1243 addit
1401 1206 1586 1243 Plautina
1624 1206 1742 1243 abun-

252 1277 398 1324 dantia,
432 1276 478 1314 cf.
504 1277 612 1313 Asin.
639 1277 719 1314 418
746 1289 803 1325 sq.
841 1288 1079 1324 „numquam
1109 1287 1227 1311 unam
1258 1274 1464 1311 rem-licet
1493 1274 1613 1312 semel
1642 1287 1741 1324 prae-

251 1345 399 1394 cipere,
447 1345 541 1393 quin
579 1345 754 1382 centiens
794 1341 1025 1394 imperem“.
1088 1342 1139 1380 ib.
1174 1343 1252 1380 870
1292 1346 1330 1379 et
1360 1342 1500 1391 Amph.
1535 1343 1614 1380 900
1656 1355 1742 1378 cum

250 1415 398 1450 annott.
431 1431 486 1437 —
508 1412 677 1461 pectore
709 1411 921 1460 expromat
952 1424 1034 1448 suo.
1096 1410 1301 1448 Obiect-um
1340 1410 1454 1447 facile
1485 1410 1740 1460 intelligitur:

250 1480 293 1518 id
323 1493 399 1530 quo
429 1493 521 1517 usus
553 1482 618 1518 sit.
652 1500 706 1505 --
764 1522 766 1525 ,

253 1549 333 1585 652
365 1561 420 1597 sq.
453 1566 997 1581 —————————

248 1681 379 1734 fraqi,
413 1685 459 1721 cf.
485 1684 596 1722 Asin.
626 1685 717 1731 174,
750 1685 853 1722 infra
885 1686 978 1722 661.
1010 1704 1066 1709 —
1096 1682 1212 1730 tenet,
1246 1683 1329 1721 scit.
1362 1702 1417 1707 —
1450 1681 1542 1718 654.
1576 1681 1623 1719 R.
1657 1694 1743 1718 cum

249 1752 475 1790 Hermanno
507 1752 606 1791 duos
637 1766 772 1790 versus
804 1752 1024 1790 t-rochaicos
1055 1751 1165 1789 facit:

578 1821 784 1871 Improbus
816 1821 866 1858 sit
899 1834 984 1858 cum
1015 1819 1216 1869 improbis,

580 1889 782 1938 Harpaget
814 1902 901 1926 cum
931 1887 1097 1925 furibus.

249 1956 329 1994 Nos
368 1960 521 1994 retento
559 1957 769 1995 verborum
808 1956 945 1994 ordine
977 1969 1097 1993 unum
1129 1954 1394 2004 septenarium
1424 1953 1605 2000 fecimus,
1652 1966 1743 1990 nam

251 2034 352 2071 cum,
387 2023 492 2074 quod
521 2038 593 2075 per
617 2024 882 2073 anastrophen
913 2023 962 2061 ad
994 2023 1226 2060 antecedens
1258 2021 1494 2059 trahendum
1527 2025 1585 2059 est
1616 2018 1668 2068 (v.
1694 2020 1744 2058 ad

249 2092 390 2141 Amph.
425 2090 522 2139 234)
563 2106 649 2129 cum
690 2093 873 2141 sequenti
912 2105 992 2129 non
1023 2091 1219 2129 coalescit.
1261 2110 1317 2115 —
1354 2086 1556 2139 leavpayet
1584 2103 1620 2126 v.
1652 2089 1742 2126 Aul.

254 2161 345 2198 194.
407 2171 498 2198 eum
526 2157 692 2210 furibus
722 2163 830 2197 rec-te
862 2160 1013 2207 Herm,
1046 2159 1161 2196 nihili
1193 2163 1252 2197 est
1284 2158 1399 2205 enim,
1434 2157 1542 2207 quod
1573 2157 1743 2208 Spenge-

249 2229 325 2266 lius
356 2229 429 2276 ait,
464 2241 551 2265 eum
581 2229 638 2265 ita
668 2228 774 2265 fures
806 2228 969 2275 imitari,
1010 2232 1055 2265 ut
1086 2228 1204 2265 etiam
1237 2239 1331 2276 erga
1361 2226 1468 2263 fures
1499 2226 1562 2264 fur
1593 2227 1656 2264 sit.
1688 2245 1744 2251 —-

253 2298 346 2344 655,
387 2309 506 2346 quem
538 2309 715 2334 seorsum
745 2296 994 2344 scripsimus,
1027 2296 1108 2333 tale
1140 2299 1199 2333 est
1225 2295 1361 2333 colon:
1393 2313 1730 2323 ——————
1734 2325 1741 2332 .

250 2364 384 2402 Herm.
417 2364 463 2402 R.
488 2364 547 2402 Fl.
574 2377 658 2401 voc.
684 2362 850 2414 furetur
879 2377 951 2414 pro
984 2365 1222 2412 glossemate
1254 2365 1469 2410 eiecerant3
1502 2376 1581 2400 non
1612 2362 1741 2400 credo.

249 2453 307 2458 —
352 2433 431 2470 656
470 2435 700 2470 tetrameter
741 2433 927 2479 creticus;
973 2432 1088 2470 Both.
1120 2432 1166 2470 R.
1200 2431 1259 2469 Fl.
1300 2429 1419 2482 fruyi
1457 2431 1650 2468 delerunt.
1693 2450 1744 2455 —-

250 2497 526 2550 uorsipellem,
560 2501 607 2539 cf.
639 2499 781 2550 Amph.
818 2500 909 2537 123.
945 2519 992 2526 —-
1030 2501 1123 2547 657,
1155 2504 1200 2537 ut
1233 2501 1326 2547 650,
1359 2502 1516 2537 constat
1546 2512 1593 2535 ex
1622 2496 1743 2548 heph-

250 2569 482 2610 themimere
511 2568 710 2606 trochaico
734 2568 917 2618 repetito.
943 2588 999 2593 —
1025 2569 1104 2605 658
1137 2568 1380 2606 bacchiacus.
1429 2567 1474 2605 R.
1493 2566 1551 2604 Fl.
1570 2569 1743 2604 extremo

251 2637 383 2675 versui
417 2633 590 2687 „usque“
624 2636 786 2683 addunt,
819 2639 863 2673 ut
893 2639 1123 2673 tetrameter
1153 2636 1308 2684 integer
1338 2637 1402 2674 sit.
1471 2634 1596 2672 Iidem
1631 2631 1739 2680 „est“

250 2717 324 2755 pro
353 2702 432 2751 sit3
465 2704 534 2742 sed
565 2705 856 2742 coniunctivum
880 2703 1044 2741 Plautus
1066 2716 1138 2753 per
1162 2704 1441 2742 attractionem
1464 2702 1528 2739 vel
1551 2701 1743 2739 assimila-

251 2773 400 2810 tionem
431 2773 482 2811 ad
519 2772 677 2811 modum
718 2773 1002 2810 enuntiationis
1040 2772 1237 2822 primariae
1277 2771 1410 2821 ponit,
1449 2783 1487 2809 v.
1520 2769 1569 2807 ad
1600 2769 1743 2820 Amph.
