1897 3171
243 190 322 228 380
639 160 641 163 Α
877 185 1087 219 Bacchides.

243 316 379 363 scripsi
407 314 611 362 Lysandro
644 313 750 360 duce,
785 314 993 359 Quaestion.
1021 315 1143 350 critic.
1178 318 1215 350 et
1248 325 1367 360 gram.
1394 326 1430 362 p.
1460 316 1507 351 57
1535 328 1605 363 sq„
1638 327 1727 350 nam

243 387 281 419 et
311 383 527 431 penetrare
557 382 651 418 alibi
683 395 837 431 semper
872 382 976 431 apud
1007 382 1189 418 Plautum
1220 382 1471 418 transitivum
1504 387 1575 428 est,
1609 396 1644 418 v.
1678 382 1727 419 ad

241 451 381 499 Amph.
402 451 493 495 245,
527 454 565 485 et
596 450 666 486 hac
696 463 772 486 una
803 451 955 487 ratione
987 451 1180 486 sententia
1204 454 1310 486 recte
1335 450 1536 487 formatur.
1583 450 1730 487 Praeie-

242 523 333 555 runt
363 520 402 554 in
434 517 624 554 infinitivo
655 518 842 554 mutando
874 518 1019 555 Donati
1051 517 1232 562 editores,
1267 518 1331 566 qui
1364 519 1413 555 ad
1443 518 1531 555 Ter.
1564 518 1723 555 Phorm.

242 587 341 624 484:
395 586 559 632 „Eccum
599 586 644 622 ab
686 599 756 622 sua
794 587 992 635 palaestra
1025 586 1103 622 exit
1133 585 1260 622 foras“
1296 586 1377 622 haec
1408 586 1546 623 habet:
1598 586 1726 631 „Bene

241 655 462 703 palaestram
489 654 569 690 eius
602 654 701 690 dixit
734 655 882 691 lenonis
908 655 1074 699 domum,
1109 655 1148 690 in
1174 668 1249 703 qua
1274 659 1331 690 est
1356 655 1550 691 exercitus
1575 658 1726 690 amator

242 723 407 759 assidue.
482 721 644 758 Plautus
678 722 950 759 Bacchidibus:
993 723 1147 760 abstine
1180 738 1200 758 a
1231 723 1432 770 palaestra,
1474 721 1539 757 ubi
1574 721 1724 758 damnis

242 791 318 837 (ed.
344 805 404 840 pr.
431 790 603 836 demens)
630 789 943 828 desudascitur‘ffl
992 787 1297 828 Desudascil‘u‘r
1323 795 1453 826 autem
1480 789 1533 826 ibi
1564 789 1729 827 libidine

243 864 282 895 et
314 857 476 896 (lamma
507 861 563 895 rei
605 859 828 903 familiaris,
873 871 946 894 non
987 864 1031 895 ut
1072 860 1111 895 in
1150 872 1243 894 vera
1281 858 1465 907 palaestra
1503 858 1649 894 virtute
1692 861 1730 894 et

242 927 417 964 honestis
451 928 622 975 corporis
655 927 1011 964 exercitationibus,
1072 927 1129 963 De
1160 927 1375 963 indicativo
1407 926 1518 962 verbi
1542 925 1655 961 modo
1681 925 1728 962 cf.

243 995 289 1031 ad
324 995 463 1043 Amph.
502 995 590 1031 167.
625 994 715 1030 Mox
748 1008 839 1031 vero
872 995 921 1031 ad
953 995 1243 1031 coniunctivum
1276 995 1430 1039 transit,
1465 997 1508 1030 ut
1539 997 1729 1043 appareat

241 1065 280 1099 in
327 1063 501 1099 relativis
547 1064 751 1099 sententiis
798 1076 872 1099 non
925 1064 1051 1100 minus
1105 1076 1219 1112 quam
1269 1063 1307 1098 in
1356 1062 1731 1109 interrogationibus

243 1131 413 1179 obliquis
444 1131 537 1177 (vid.
571 1130 619 1166 ad
650 1131 790 1180 Amph.
828 1126 894 1178 17)
934 1129 1159 1179 utrumque
1183 1131 1337 1167 modum
1383 1131 1463 1166 sine
1504 1129 1730 1166 discrimine

240 1199 346 1249 poni.
396 1198 504 1244 Quod
538 1202 665 1234 autem
698 1199 798 1234 hunc
829 1212 863 1236 v.
898 1199 1085 1235 Ribbeck.
1124 1196 1173 1244 (v.
1207 1198 1355 1235 Ritsch.
1389 1197 1500 1235 Praef.
1535 1183 1653 1235 Stich.
1687 1211 1725 1247 p.

239 1265 387 1313 XVIII)
422 1271 585 1316 propter
615 1267 779 1302 similem
811 1280 845 1304 v.
881 1268 960 1303 425
1003 1268 1177 1315 spurium
1217 1266 1424 1312 iudicavit,
1472 1279 1549 1302 non
1590 1266 1728 1315 probo.

243 1355 290 1360 -—
343 1336 406 1372 66.
453 1331 606 1382 Lepide
644 1344 858 1372 memoras.
950 1335 1038 1371 Haec
1082 1335 1110 1370 B
1149 1336 1290 1371 Atticae
1338 1334 1521 1371 Bacchidi
1572 1334 1728 1380 tribuit,

243 1403 390 1440 Ritsch.
425 1407 463 1439 et
501 1401 581 1439 hacc
620 1407 658 1439 et
698 1402 772 1439 duo
815 1405 992 1452 proxima
1033 1402 1235 1439 Bacchidis
1276 1404 1478 1439 enuntiata
1520 1400 1570 1445 (v.
1606 1403 1654 1439 71
1692 1406 1731 1438 et

245 1473 292 1508 71
329 1468 403 1519 sq.)
438 1471 561 1508 alteri.
594 1491 646 1496 --
682 1468 898 1508 Τηνΐῖινθυι
929 1474 1033 1507 inter
1065 1484 1166 1507 cenae
1207 1471 1365 1508 delicias
1399 1471 1578 1519 antiquos
1609 1470 1731 1506 habu-

243 1541 318 1576 isse
350 1533 522 1584 constaf,
561 1552 596 1576 V.
622 1539 738 1576 Most.
766 1540 838 1584 443
886 1539 952 1575 sed
992 1539 1195 1584 machaerae
1226 1552 1362 1587 parum
1395 1542 1485 1588 apte
1518 1539 1733 1588 opponitur

208 1651 211 1654 Ι
245 1607 371 1652 cibus,
406 1620 525 1655 quare
550 1608 784 1655 interpretes
812 1608 940 1643 vivum
966 1611 1155 1644 turturem
1182 1607 1418 1656 intelligunt,
1453 1610 1491 1643 et
1522 1619 1734 1656 puerorum

243 1676 386 1721 instar,
436 1676 500 1723 qui
540 1688 623 1711 cum
666 1675 933 1712 coturnicibus
975 1675 1164 1712 ludebant
1196 1671 1325 1724 (Capt.
1359 1672 1457 1719 998)
1491 1676 1734 1710 meretricem

245 1748 284 1780 et
324 1747 538 1780 amatorem
590 1756 673 1780 cum
714 1747 867 1779 turture
908 1744 1048 1780 lusisse
1087 1747 1239 1792 putant.
1287 1763 1340 1767 —
1386 1745 1449 1780 67.
1498 1742 1573 1778 Pro
1613 1742 1734 1788 casm,

246 1824 322 1860 quo
354 1812 499 1860 pugilis
530 1824 668 1847 manus
700 1811 945 1858 illigabatur‚
987 1813 1021 1848 ei
1054 1808 1292 1856 θαηΐῖιανα3,
1332 1810 1356 1848 il
1391 1824 1421 1848 e.
1454 1810 1652 1860 poculum,
1695 1811 1735 1846 in

245 1893 404 1916 manum
437 1879 565 1916 datur.
599 1899 652 1903 —
686 1881 749 1916 68.
785 1875 1006 1926 Scaphium
1037 1883 1076 1916 et
1106 1881 1232 1928 ipsum
1264 1879 1396 1928 poculi
1428 1890 1548 1925 genus
1581 1882 1651 1924 est,
1686 1877 1732 1915 cf.

247 1947 368 1985 Stich.
405 1948 504 1992 689,
553 1951 590 1983 et
621 1947 833 1983 rotundum
866 1947 1040 1996 quidem,
1089 1948 1168 1983 fere
1211 1948 1332 1983 cranii
1365 1947 1529 1984 formam
1561 1946 1735 1982 referens

245 2015 308 2062 (cf.
343 2016 388 2052 de
421 2015 642 2052 nominibus
673 2028 854 2052 vasorum
888 2029 923 2064 p.
961 2017 1035 2052 117
1070 2014 1165 2064 sq.)‚
1214 2028 1289 2064 quo
1329 2016 1460 2064 aptius
1500 2028 1583 2051 cum
1623 2014 1736 2063 galea

246 2083 676 2132 comparatur.-—Pro
708 2080 865 2132 insiym
896 2084 1029 2131 galeae,
1063 2083 1168 2132 quod
1201 2087 1268 2119 aut
1300 2086 1417 2120 crista
1448 2095 1530 2119 esse
1561 2085 1735 2131 poterat,

245 2156 313 2189 aut
343 2151 475 2197 draco,
509 2163 640 2200 gryps,
673 2151 814 2199 sphinx
846 2151 1002 2188 aliudve
1033 2155 1270 2196 monstrum,
1304 2151 1594 2188 convivantium
1626 2163 1734 2186 more

245 2223 364 2269 caput
394 2231 537 2256 corona
568 2222 739 2265 ornatur,
773 2233 808 2256 v.
843 2219 937 2257 Hor.
964 2219 1035 2257 Od.
1068 2219 1097 2266 Ι,
1133 2221 1195 2256 38.
1244 2219 1401 2256 Lucret.
1436 2218 1479 2264 V,
1517 2220 1620 2255 1397
1655 2231 1735 2266 sq.:

250 2288 371 2334 .‚Tum
403 2291 520 2335 caput
551 2291 667 2336 atque
698 2287 881 2324 humeros
913 2288 1038 2336 plexis
1077 2287 1261 2324 redimire
1293 2288 1449 2324 coronis
1480 2286 1662 2323 Floribus
1696 2289 1736 2323 et

245 2357 349 2393 foliis
388 2356 549 2392 lascivia
587 2355 678 2391 laeta
715 2354 940 2393 nionebat“.
982 2375 1037 2380 —
1077 2357 1140 2393 69.
1188 2356 1276 2392 Non
1317 2356 1468 2392 hastam
1499 2355 1619 2403 gerit,
1668 2353 1736 2390 sed

246 2425 338 2461 talis
369 2424 482 2469 ludit,
516 2436 593 2460 non
618 2423 776 2460 loricam
804 2423 890 2469 fert,
925 2424 992 2460 sed
1017 2425 1183 2472 pallium
1214 2424 1349 2470 molle3
1380 2419 1582 2460 malacum
1613 2436 1649 2460 v.
1685 2422 1735 2458 ad

245 2492 384 2542 Amph.
420 2493 511 2529 311.
571 2491 666 2527 Inde
697 2504 786 2527 mox
817 2504 852 2528 v,
879 2493 927 2528 71
963 2489 1238 2537 malacissare,
1270 2493 1483 2539 μαλακιῖζειν,
1517 2494 1576 2527 est
1605 2490 1735 2527 molli-

245 2574 349 2597 orem
374 2559 552 2596 reddere.
583 2579 631 2583 —-
660 2560 723 2597 70.
765 2555 843 2598 Ubi
866 2557 924 2596 mi
947 2560 1205 2605 Hermannus,
1240 2564 1279 2595 et
1304 2560 1357 2596 sic
1382 2557 1732 2608 pronuntiandum.

235 2638 318 2676 pro
351 2638 451 2677 equo
482 2628 571 2663 olim
604 2627 852 2664 emendatum
881 2630 961 2672 est3
994 2627 1088 2663 item
1115 2623 1291 2665 accubet.
1314 2647 1369 2653 ——
1394 2626 1458 2664 71.
1492 2622 1591 2662 mihi
1620 2636 1733 2671 suam

246 2696 340 2745 quid
380 2697 502 2743 igitur
540 2699 609 2732 tua
647 2694 796 2732 refert?
865 2694 920 2732 Cf.
962 2695 1076 2743 Epid.
1120 2696 1219 2732 340:
1279 2695 1401 2741 „Mihi
1443 2707 1570 2740 cesso,
1619 2707 1735 2743 quom

247 2762 347 2801 sto.“
370 2784 423 2788 -—
451 2765 514 2801 72.
548 2761 778 2812 operariam
809 2763 916 2809 dicit,
950 2776 1033 2811 quae
1060 2775 1218 2811 operam
1243 2763 1329 2809 datg
1360 2763 1579 2799 meretricis
1606 2765 1736 2798 autem
