1897 3171
759 178 801 212 V.
834 180 1020 212 130—144.
1553 180 1634 219 289

145 311 431 356 emendaveris,
477 322 638 359 prorsus
678 308 874 345 Plautina.
935 307 1044 343 Idem
1086 307 1162 343 dici
1199 311 1332 357 potest
1374 307 1420 344 de
1458 307 1636 344 versibus

149 379 353 424 147—50,
387 390 483 427 quos
515 381 553 414 et
582 378 688 426 ipsos
712 375 882 413 Weisius
906 375 1149 412 seclusit.-—
1168 376 1259 412 136.
1293 375 1496 422 Eunomia,
1530 374 1637 424 quod

146 461 186 485 se
217 447 338 484 frater
370 450 569 496 optumam
601 445 784 481 feminam
816 443 1072 494 appellasset,
1113 444 1224 492 quasi
1263 443 1310 479 de
1340 456 1382 480 re.
1414 443 1637 481 incredibili

146 516 304 566 quaerit:
362 509 442 552 Ubi
472 523 519 551 ea
549 509 643 551 est?
688 510 780 562 quis
811 521 857 550 θα
889 507 980 549 est?
1041 511 1134 558 Quae
1173 512 1213 548 in
1252 511 1364 548 codd.
1397 514 1635 560 sequuntur:

147 581 261 622 Nam
292 578 489 631 optuma?
531 580 652 630 (unde
677 581 849 619 editores
885 581 996 629 „quis
1021 594 1066 617 ea
1093 583 1151 616 est
1174 592 1264 616 nam
1289 578 1502 628 optuma?“
1538 580 1637 617 fece-

144 656 256 699 runt3
302 651 369 689 sed
404 651 608 700 „quisnam
638 650 707 686 illa
737 652 899 698 optuma
930 646 1042 685 681ῧὲιζ
1094 647 1301 685 dicendum
1333 645 1456 694 erat),
1496 648 1639 684 vitiosa

146 721 428 769 anticipatione
460 732 506 756 ex
536 719 715 768 proximo
747 730 861 754 versu
891 720 978 753 orta
1010 720 1112 754 sunt.
1170 714 1264 765 quis
1295 720 1423 752 autem
1450 716 1637 753 feminino

145 802 287 839 genere
318 801 390 837 pro
427 784 576 836 „quae“
610 785 837 831 Diomedes,
881 785 1080 822 Charisius
1112 785 1257 833 aliique
1290 783 1459 821 afferunt
1490 797 1534 820 ex
1566 784 1638 820 Pa-

147 858 272 903 cuvio,
304 870 339 894 v.
361 857 460 893 239:
514 855 630 903 „Quis
660 859 705 892 tu
736 867 776 891 es
803 854 956 900 mulier,
990 866 1090 902 quae
1122 866 1182 889 me
1212 854 1368 889 insueto
1400 853 1638 900 nuncupasti

146 921 356 963 nomine?“
418 924 516 961 Item
549 923 675 961 Caecil.
706 921 803 960 153:
841 922 959 968 „Quis
989 925 1211 959 nostrarum
1241 920 1318 957 fuit
1348 923 1503 969 integra
1535 924 1639 957 aeta-

146 993 244 1040 tula,
278 1005 363 1042 quae
396 990 497 1030 etc.“
560 992 661 1029 Enn.
697 991 795 1028 345:
835 990 952 1037 „Quis
984 990 1099 1026 illaec
1130 994 1200 1035 est,
1236 1002 1334 1038 quae
1366 989 1525 1038 lugubri
1557 1001 1640 1025 suc-

148 1063 273 1099 cincta
310 1065 370 1097 est
408 1058 564 1098 stola‘?“
629 1060 818 1097 Similiter
860 1056 1116 1107 „quisquam“
1161 1057 1268 1094 Naev.
1305 1058 1355 1094 90
1388 1071 1459 1106 sq.,
1511 1058 1640 1106 ..quis-

149 1126 260 1180 quis“
294 1129 441 1167 Livius.
470 1128 610 1175 Caecil.,
645 1127 785 1165 Pacuv.
814 1126 918 1176 apud
942 1126 1030 1163 Nou
1053 1139 1091 1175 p.
1122 1127 1212 1163 197.
1234 1144 1282 1151 —
1314 1126 1404 1163 137.
1442 1125 1489 1172 z‘e,
1522 1125 1640 1162 immo

153 1196 260 1245 „me“
281 1198 434 1247 potius;
459 1196 526 1234 sed
543 1196 738 1245 generalis
756 1199 816 1232 est
832 1195 1048 1240 sententia3
1071 1191 1159 1241 „te“
1180 1207 1225 1230 ex
1242 1194 1478 1243 repetitione
1495 1194 1640 1231 vicina-

146 1280 233 1305 rum
257 1267 482 1304 litterarum
505 1268 634 1302 ortum
660 1267 729 1302 est.
747 1284 803 1289 -
827 1260 1024 1313 equidem,
1052 1276 1089 1301 v.
1116 1262 1165 1300 ad
1189 1262 1330 1312 Amph.
1358 1264 1452 1300 757.
1473 1282 1529 1287 —
1547 1261 1639 1299 Voc.

149 1336 317 1384 optuma
347 1333 481 1371 Herm.
514 1333 629 1371 Both.
662 1332 863 1378 delerunt3
903 1331 970 1368 sed
1008 1335 1174 1381 propter
1204 1344 1361 1368 sensum
1395 1330 1527 1367 abesse
1562 1343 1641 1367 non

147 1407 290 1454 potest.
316 1423 369 1428 —
406 1403 625 1440 138—152
658 1401 829 1447 Mffller„
869 1399 1093 1448 Nachtrage
1123 1413 1161 1450 p.
1199 1400 1275 1436 119
1310 1399 1426 1435 aliter
1458 1399 1642 1435 ordinare

148 1474 333 1518 conatur3
364 1483 436 1508 nos
463 1469 607 1507 codicis
635 1468 952 1506 distributionem
976 1469 1103 1505 secuti
1128 1480 1272 1505 sumus.
1300 1487 1354 1491 —
1388 1467 1479 1504 139.
1513 1464 1644 1504 istaec

147 1540 179 1578 B
197 1540 244 1578 ab
271 1540 400 1586 initio,
433 1537 501 1576 sed
533 1548 553 1575 e
577 1540 816 1587 expunctum
841 1540 912 1574 est.
929 1556 985 1561 —
1012 1537 1102 1574 140.
1136 1531 1208 1574 Da
1230 1531 1333 1573 mihi
1358 1544 1538 1584 Operam,
1564 1535 1589 1572 i.
1608 1548 1640 1572 e.

81 1613 84 1616 ’
150 1608 240 1645 audi
271 1620 343 1653 me,
376 1606 455 1644 vid.
482 1605 532 1642 ad
555 1606 664 1643 Asin.
683 1605 778 1642 446.
834 1604 1053 1653 Responsio
1084 1605 1289 1654 propriam
1320 1603 1533 1640 verborum
1563 1604 1644 1640 vim

148 1676 410 1726 amplectitur.
441 1693 498 1699 —
532 1675 622 1711 141.
660 1673 718 1710 De
748 1675 922 1723 repetito
964 1669 1010 1710 z'sl
1036 1685 1073 1710 v.
1107 1672 1157 1709 ad
1187 1672 1297 1709 Asin.
1333 1673 1425 1709 523.
1458 1691 1515 1696 —-
1550 1671 1640 1708 142.

148 1744 209 1781 Ex
226 1747 411 1792 corrupto
431 1740 586 1791 „facto“
614 1741 759 1779 codicis
777 1741 808 1777 B
835 1742 976 1778 ceteri:
1014 1739 1184 1788 „facta“,
1217 1744 1257 1777 et
1280 1740 1336 1777 sic
1361 1739 1448 1777 edd.
1467 1741 1642 1788 priores,

147 1812 298 1850 Dousa:
339 1808 515 1859 factum,
548 1814 673 1857 recte,
714 1810 760 1847 cf.
794 1810 902 1847 Asin.
938 1811 1030 1847 678.
1076 1808 1216 1846 Bacch.
1249 1809 1344 1845 492.
1393 1808 1512 1845 Most.
1548 1808 1642 1845 804.

149 1881 236 1918 Ter.
260 1880 416 1917 Phorm.
442 1880 536 1917 787.
575 1878 636 1916 Pl.
661 1878 817 1915 Trucul.
845 1877 944 1926 864:
984 1878 1151 1923 „factum
1176 1875 1331 1925 cupio“.
1374 1876 1564 1925 Apuleius
1595 1874 1644 1912 de

147 1949 283 1996 Magia
300 1949 348 1985 61
366 1963 373 1984 ε
397 1948 489 1998 „qui
505 1947 601 1984 mihi
617 1947 762 1984 factum
780 1944 981 1983 volebat“.
1012 1944 1260 1993 Iungendum
1278 1949 1429 1981 autem:
1454 1943 1643 1990 „Factum

147 2017 240 2055 volo
278 2015 385 2066 quod
416 2015 490 2053 tibi
529 2016 813 2065 sempiternum
844 2015 1020 2051 salutare
1057 2011 1150 2050 siff‘.
1225 2013 1536 2062 Interrumpitur
1567 2012 1643 2048 fra-

148 2086 220 2122 tris
242 2084 544 2122 interlocutione
561 2083 701 2130 oratio,
718 2082 797 2120 vid.
816 2081 865 2119 ad
880 2081 1023 2131 Amph.
1046 2082 1165 2119 1136.
1211 2080 1354 2128 Wagn.
1373 2084 1463 2118 ante
1486 2078 1640 2130 „quod“

152 2153 342 2190 excidisse
359 2152 547 2202 putabat:
584 2151 729 2198 „nolim
746 2147 967 2188 consulas“.
987 2170 1036 2174 —
1055 2147 1352 2199 sempiternum
1367 2162 1439 2198 pro
1457 2148 1644 2185 adverbio

149 2222 329 2272 ponitur,
370 2223 414 2257 ut
446 2223 633 2257 aeternum
658 2218 773 2268 Verg.
801 2218 847 2256 G.
879 2218 930 2265 II,
962 2219 1057 2256 400.
1117 2219 1209 2256 AEn.
1242 2217 1307 2264 VI,
1340 2218 1434 2254 401.
1471 2218 1564 2254 617.
1589 2236 1644 2241 —

154 2290 245 2326 143.
278 2285 446 2326 Liberis
467 2284 753 2336 procreandis,
786 2287 868 2324 haec
892 2300 978 2323 cum
1001 2286 1258 2337 sequentibus
1288 2282 1382 2323 uolo
1413 2285 1449 2322 te
1474 2294 1645 2322 uxorem

152 2355 317 2395 domum
363 2354 508 2394 (lucere
550 2354 748 2404 iungenda
795 2367 898 2401 esse,
944 2367 1076 2392 omnes
1120 2354 1319 2391 viderunt.
1402 2353 1441 2390 Si
1489 2352 1643 2390 codices

150 2426 368 2475 sequimur,
423 2437 469 2461 ea
512 2423 766 2472 interrumpit
810 2422 1049 2471 Megadorus
1087 2422 1218 2459 verbis
1261 2417 1333 2458 Ita
1383 2418 1428 2458 (Ii
1477 2416 1644 2468 faxint!

151 2490 216 2539 (cf.
247 2492 350 2529 infra
381 2493 475 2529 249.
510 2492 603 2529 781.
674 2490 850 2539 Seyffert.
884 2491 994 2529 stud.
1027 2491 1157 2528 Plaut.
1188 2504 1226 2540 p.
1261 2490 1283 2526 2
1316 2486 1413 2538 sq.);
1445 2488 1515 2525 sed
1546 2500 1642 2536 prae-

152 2564 311 2611 postera
341 2563 400 2597 est
429 2559 520 2597 talis
550 2560 805 2609 interruptio,
852 2572 924 2596 nec
954 2559 1149 2605 eiusdem,
1182 2559 1250 2608 qui
1281 2557 1416 2594 eadem
1449 2556 1496 2592 de
1528 2568 1644 2593 causa

158 2627 229 2674 „Ei
259 2625 430 2665 οοοὶᾶὶἔξι
466 2627 668 2665 exclamat.
725 2627 852 2673 Quare
883 2627 1095 2664 Lambinus
1125 2625 1377 2674 transpositis
1407 2623 1538 2661 verbis
1569 2637 1642 2660 scr.

157 2695 270 2742 „MR
301 2695 363 2732 Ita
395 2695 434 2732 di
464 2696 608 2732 faxint!
642 2694 724 2734 EU.
752 2695 852 2733 Uolo
883 2699 922 2732 te
947 2695 1080 2732 liberis
1104 2691 1358 2744 procreandis
1383 2704 1544 2728 uxorem
1565 2721 1571 2728 .
1592 2689 1641 2738 .“,

152 2768 197 2800 ut
227 2767 405 2813 optatum
435 2763 642 2811 Megadori
674 2763 723 2800 ad
753 2763 1026 2800 antecedentia
1062 2761 1199 2808 „Quod
1229 2760 1401 2796 salutare
1433 2757 1508 2796 siff<
1544 2759 1643 2796 refe-

1332 2835 1372 2868 19
