1854 3188
179 195 242 239 1V,
257 197 287 238 2,
303 197 437 230 31—-52
850 194 1004 238 Captiui.
1591 195 1666 234 191

832 320 1003 372 Hegio

177 391 390 433 Basilicas
422 391 657 433 edictiones
689 395 819 445 atque
850 392 1092 446 inperiosas
1123 390 1268 432 habet.
1604 400 1670 436 805

178 463 310 506 Satur
340 463 524 515 homost,
557 463 691 505 habet
721 463 916 518 profecto
948 464 992 504 in
1023 467 1176 504 uentre
1210 461 1525 504 confidentiam.

778 535 1066 589 Ergasilus

177 607 285 648 Tum
315 608 568 662 piscatores,
601 608 675 662 qui
706 607 918 662 praebent
948 606 1108 661 populo
1142 606 1275 660 piscis
1306 605 1507 658 foetidos,

178 678 260 729 Qui
293 679 570 721 aduehuntur
602 679 951 734 quadrupedanti
983 679 1195 720 crucianti
1226 677 1461 729 cantherio,

179 750 370 800 Quorum
402 751 506 793 odos
539 751 883 793 subbasilicanos
916 751 1054 793 omnis
1087 751 1221 804 abigit
1251 751 1294 792 in
1325 750 1477 801 forum,

176 822 250 864 Eis
281 837 359 876 ego
391 837 467 865 ora
496 823 738 866 uerberabo
772 823 1002 877 surpiculis
1033 822 1245 876 piscariis,
1605 835 1672 868 310

176 894 235 936 [ft
265 896 417 946 sciant,
449 896 589 937 alieno
621 910 728 938 naso
762 909 894 950 quam
925 894 1156 936 exhibeant
1188 894 1442 935 molestiam.

175 966 286 1008 Tum
317 967 423 1008 lanii
452 971 610 1018 autem,
643 968 717 1020 qui
750 968 1011 1009 concinnant
1041 966 1190 1008 liberis
1223 966 1352 1008 orbas
1385 967 1490 1018 ouis,

178 1037 260 1088 Qui
289 1039 434 1081 locant
464 1038 711 1081 caedundos
742 1052 876 1092 agnos
910 1043 952 1080 et
983 1038 1159 1080 dubiam
1190 1039 1393 1091 agninam
1426 1038 1602 1091 danunt,

177 1111 259 1161 Qui
291 1111 462 1165 petroni
491 1125 648 1152 nomen
678 1110 835 1152 indunt
865 1111 1040 1152 uerueci
1070 1112 1271 1160 sectario⁷

176 1183 289 1225 Eum
321 1195 398 1236 ego
431 1184 467 1224 si
496 1184 539 1224 in
570 1184 642 1225 uia
672 1186 898 1237 petronem
928 1183 1103 1236 publica
1135 1196 1414 1237 conspexero⁷
1605 1193 1671 1227 815

176 1255 232 1296 Et
262 1258 486 1309 petronem
518 1259 562 1297 et
593 1255 812 1297 dominum
842 1255 1020 1296 reddam
1053 1255 1249 1296 mortalis
1281 1256 1574 1296 miserrumos.

844 1326 1015 1380 Hegio

177 1398 403 1453 Eugepae3
436 1398 672 1440 edictiones
703 1398 773 1440 hic
804 1399 979 1453 quidem
1010 1398 1236 1440 aedilicias
1269 1398 1421 1450 habet;

175 1470 418 1524 Mirumque
450 1470 612 1523 adeost,
644 1471 689 1512 ni
719 1470 832 1512 hunc
862 1469 1001 1512 fecere
1033 1470 1115 1512 sibi
1147 1470 1287 1512 Aetoli
1320 1484 1642 1524 agoranomum.

781 1542 1067 1596 Ergasilus

179 1615 275 1657 Non
307 1629 384 1662 ego
415 1628 530 1655 nunc
562 1615 781 1668 parasitus
812 1629 919 1665 sum,
951 1614 1027 1655 sed
1056 1628 1206 1667 regum
1238 1628 1313 1655 rex
1342 1614 1550 1667 1·egalior;

179 1687 343 1729 Tantus
374 1687 517 1728 uentri
549 1691 799 1728 conmeatus
830 1700 925 1728 meo
958 1686 1084 1727 adest
1114 1687 1157 1726 in
1188 1690 1318 1739 portu
1350 1686 1483 1727 cibus.
1608 1697 1675 1730 820

180 1758 263 1800 Sed
296 1771 373 1811 ego
405 1772 527 1800 cesso
559 1757 674 1799 hunc
706 1758 945 1812 Hegionem
977 1771 1158 1799 onerare
1188 1758 1358 1799 laetitia
1391 1772 1547 1798 senem.

180 1831 261 1881 Qui
293 1830 463 1872 homine
495 1829 707 1871 leowm'nwn
739 1830 934 1884 adaeque
965 1845 1090 1872 nemo
1123 1830 1234 1871 uiuit
1264 1829 1539 1871 fortunatior,

843 1902 1008 1956 Hegio

179 1973 299 2024 Quae
330 1973 457 2015 illaec
489 1978 556 2016 est
586 1974 769 2026 laet-itia,
802 1987 932 2028 quam
963 1975 1053 2016 illic
1084 1974 1225 2015 laetus
1256 1974 1441 2027 largitur
1471 1973 1603 2022 mihi?

785 2046 1072 2099 Ergasilus

177 2118 308 2170 Heus,
340 2118 414 2160 ubi
446 2118 577 2160 estis?
617 2118 766 2172 ecquis
797 2118 860 2159 hic
892 2118 988 2160 est?
1028 2119 1168 2170 ecquis
1198 2118 1281 2160 hoc
1313 2117 1454 2171 aperit
1487 2116 1673 2158 ostium?

846 2190 1016 2243 Hegio

178 2263 260 2304 Hic
290 2263 417 2304 homo
451 2262 507 2304 ad
539 2275 691 2304 cenam
721 2262 878 2316 recipit
910 2256 1044 2304 se‘ad
1074 2276 1153 2304 me.

784 2333 1071 2387 Ergasilus

908 2406 1084 2460 Aperite
1115 2405 1246 2447 hasce
1278 2404 1428 2447 ambas
1461 2403 1576 2454 foris,
1603 2413 1669 2447 825

177 2477 304 2519 Prius
335 2491 464 2531 quam
494 2475 707 2530 pultando
740 2477 969 2518 assulatim
998 2477 1163 2520 foribus
1195 2478 1373 2519 exitium
1405 2475 1564 2518 adfero.

268 2662 336 2696 809
361 2661 486 2706 abegit
582 2662 648 2695 813
674 2660 862 2695 cedundos
889 2673 935 2696 an
961 2673 1054 2706 gnos
1081 2665 1116 2696 et
1142 2662 1293 2707 duplam
1392 2661 1459 2693 817
1485 2658 1671 2693 aedilicias

177 2718 238 2752 hic
264 2718 412 2762 quidem
515 2719 582 2752 822
606 2717 798 2752 hominum
824 2728 888 2752 om.
1003 2721 1070 2753 824
1094 2719 1152 2753 hic
1180 2719 1261 2753 est?
1290 2717 1412 2760 ecquis
1439 2726 1505 2750 οηι,
1606 2715 1673 2749 826

177 2774 360 2818 pultando
385 2775 446 2810 uel
470 2774 676 2809 assultatim
