1897 3171
163 188 192 232 I,
209 190 239 232 1,
256 187 378 231 87—2‚
395 188 417 220 4
825 184 1007 219 Curculio.
1577 188 1656 226 219

729 310 1099 352 Phaedromus

164 386 353 440 Sequere
383 385 480 436 hac,
511 383 727 435 Palinure,
760 396 827 423 me
860 382 916 423 ad
945 381 1072 434 foris3
1105 380 1133 422 fi
1163 382 1268 423 mihi
1302 381 1554 436 obsequens.

760 469 1055 511 Palinurus

163 545 233 587 Ita
261 543 432 586 faciam.

731 613 1098 655 Phaedromus

492 674 619 740 Agite
650 686 801 731 bibite,
831 685 1018 727 festiuae
1049 685 1178 731 fores,

161 760 329 811 Potate,
360 759 433 801 fite
464 759 568 801 mihi
600 758 797 800 uolentes
828 758 1054 811 propitiae.

764 845 797 886 P
810 845 1056 887 alinurus

160 919 360 962 Uoltisne
392 919 529 961 oliuas
560 919 889 973 pulpamentum
920 922 996 958 aut
1029 918 1248 971 capparim
1260 917 1277 957 ’ἓ
1613 929 1657 962 90

727 1005 1090 1047 Phaedromus

162 1079 438 1122 Exsuscitate
469 1082 662 1121 uostram
693 1078 776 1119 huc
809 1077 1033 1118 custodem
1066 1077 1182 1118 mihi.

763 1160 952 1202 Palinu
966 1175 1054 1202 rus

160 1234 396 1277 Profundis
428 1235 597 1285 uinum3
631 1246 741 1287 quae
773 1238 817 1274 te
847 1246 917 1274 res
950 1233 1145 1285 agitant?

730 1305 762 1346 Ρ
774 1305 801 1345 h
814 1319 839 1345 a
851 1319 872 1346 e
887 1305 913 1345 d
924 1319 979 1346 ro
991 1319 1033 1345 m
1042 1319 1070 1346 u
1081 1319 1098 1346 s

1216 1376 1327 1419 Sine.

159 1452 312 1503 Ualen,
345 1455 393 1493 ut
423 1450 680 1505 aperiuntur
711 1449 840 1491 aedes
872 1449 1191 1491 festiuissumae
1202 1450 1220 1489 i»

163 1524 276 1566 Num
307 1523 457 1565 muttit
488 1522 616 1564 cardo
629 1522 648 1563 Ῥ
707 1521 787 1563 Est
818 1521 1000 1575 lepidus.

760 1593 791 1634 P
806 1593 1052 1635 alinurus

1055 1664 1163 1714 Quin
1199 1665 1274 1707 das
1307 1666 1472 1707 sauium
1482 1666 1501 1706 Ῥ

730 1737 869 1779 Phae
883 1737 1092 1779 dromus

162 1812 277 1855 Tace
291 1829 299 1864 ;
332 1811 601 1855 occultemus
632 1810 778 1851 lumen
811 1814 854 1851 et
884 1823 1048 1850 uocem.

758 1881 1057 1923 Palinurus

1115 1953 1249 1995 Licet.
1616 1964 1660 1997 95

573 2159 801 2202 LEAENA
833 2159 991 2201 ANUS.
1053 2159 1248 2200 EIDEM.

808 2262 1019 2303 Leaena

165 2336 266 2378 Flos
297 2337 459 2378 ueteris
489 2336 581 2377 uini
611 2335 718 2376 meis
750 2334 929 2376 naribus
963 2334 1159 2376 obiectus
1193 2339 1279 2385 est3

164 2408 270 2450 Eius
301 2422 423 2450 amor
455 2407 657 2461 cupidam
689 2421 755 2447 me
787 2406 871 2447 huc
901 2406 1079 2460 prolicit
1109 2420 1187 2461 per
1218 2405 1435 2448 tenebras.

165 2480 387 2532 Ubiuhist,
419 2494 555 2534 prope
585 2493 654 2521 me
687 2483 763 2520 est.
825 2478 949 2519 Euax
981 2478 1135 2520 habeo.

166 2551 307 2603 Salue,
341 2553 483 2594 anime
513 2553 584 2604 mi,
616 2551 762 2594 Liberi
793 2550 936 2605 lepos;

257 2723 301 2756 90
338 2721 453 2756 oliuas
480 2725 542 2756 aut
567 2721 848 2766 pulpamentum
874 2724 935 2754 aut
1052 2722 1095 2755 93
1131 2718 1241 2754 Uidin
1267 2727 1306 2751 ut
1424 2717 1467 2750 97
1504 2715 1663 2760 prolicet

166 2779 301 2813 98—99
327 2789 436 2813 unum
462 2789 604 2813 uersam
627 2779 780 2821 faciunt
