1897 3171
772 188 812 223 v.
841 190 1031 224 584—599.
1471 219 1476 223 .
1563 192 1640 231 341

157 326 198 360 et
227 334 457 372 procerum,
503 319 606 357 unde
637 322 788 368 tegetes
818 318 930 356 fiunt.
1005 317 1101 355 Inde
1131 318 1385 367 proverbium
1417 321 1477 355 est
1507 319 1548 355 in
1579 331 1644 355 eas

156 394 291 428 natum
330 402 412 435 res,
459 400 545 437 quae
584 387 730 424 nullius
773 386 1045 435 impedimenti
1083 388 1194 422 sunt:
1240 387 1280 422 in
1325 387 1452 435 scirpo
1497 385 1645 424 nodum

157 469 331 507 quaererc
363 454 461 494 etc.“
527 452 649 504 pueri
679 454 809 501 codd.‚
843 454 950 504 quod
988 467 1060 504 per
1099 455 1377 491 attractionem
1417 453 1493 490 dici
1530 466 1646 503 posse

156 525 324 571 videtur,
355 538 391 562 v.
425 524 474 561 ad
498 523 644 573 Amph.
674 523 792 561 1002.
845 518 1027 572 „pueris“
1062 534 1109 558 ex
1139 521 1260 558 schol.
1286 521 1382 559 Hor.
1401 521 1645 559 Camerarius

156 593 316 642 aliique.
390 591 526 629 Pueris
566 595 704 628 natare
745 589 987 627 discentibus
1025 589 1256 638 plerumque
1289 592 1422 626 cortex
1454 602 1646 639 suppone-

154 661 293 707 batur,
338 674 374 698 v.
413 660 540 697 Horat
575 660 600 697 1.
632 660 680 696 1.;
731 658 868 707 „nabis
909 659 991 694 sine
1033 655 1219 704 cortice“;
1264 657 1331 694 ubi
1369 658 1489 707 scirpi
1535 658 1648 707 copia

158 728 406 775 abundabat,
452 728 623 777 scirpeas
655 730 758 764 rates
790 726 1096 763 circumdabant.
1128 745 1183 750 ——
1217 726 1309 763 592.
1356 725 1458 762 hunc
1490 738 1646 775 quoque

156 810 312 834 versum
354 796 474 834 schol.
515 795 610 832 Hor.
652 794 777 832 affert.
821 813 870 820 —
922 795 1013 832 594.
1063 791 1204 832 toleret
1248 794 1340 830 olim
1386 793 1645 830 emendatum.

157 864 361 914 Significat
397 864 656 911 „sustentet“.
703 862 848 899 Harius
885 859 1020 908 „eum“
1054 861 1230 908 addidit;
1262 861 1358 898 mihi
1389 875 1467 899 non
1499 874 1646 908 servus,

157 933 226 971 sed
258 933 483 970 adolescens
514 931 731 968 subiectum
763 930 934 977 videtur,
968 931 1014 968 cf.
1033 930 1122 967 Tac.
1140 929 1284 967 Annal.
1310 929 1375 978 IV,
1401 930 1472 966 40:
1510 942 1647 978 „posse

156 1003 283 1052 ipsam
313 1001 467 1038 Liviam
499 1003 682 1045 statuere,
714 998 941 1036 nubendum
972 1002 1063 1048 post
1086 998 1256 1035 Drusum
1289 1012 1338 1035 an
1369 998 1409 1034 in
1439 997 1648 1046 penatibus

155 1069 278 1107 isdem
314 1068 564 1106 tolerandum
605 1066 804 1105 haberet.“
846 1087 901 1091 —
930 1077 1103 1115 pessum
1145 1063 1278 1112 abeat,
1320 1066 1484 1102 fundum
1523 1069 1646 1114 petat,

157 1137 204 1176 cf.
237 1136 330 1175 Cist.
365 1137 457 1174 211.
504 1135 605 1174 Rud.
633 1137 726 1173 395.
773 1135 929 1173 Trucul.
966 1136 1029 1173 36.
1075 1134 1195 1172 Most.
1232 1135 1350 1172 1152.
1398 1134 1555 1171 Lucret.
1582 1133 1647 1180 VI,

159 1207 256 1244 589:
308 1205 466 1253 „multae
511 1217 582 1253 per
627 1217 732 1240 mare
778 1216 935 1252 pessum
976 1202 1196 1241 Subsedere
1242 1202 1321 1238 suis
1366 1203 1517 1251 pariter
1562 1215 1649 1239 cum

157 1273 306 1311 civibus
336 1270 494 1310 urbes“.
556 1271 688 1309 Senec.
722 1271 792 1318 Qu.
825 1275 908 1309 nat.
940 1272 1015 1317 III,
1059 1272 1130 1317 25,
1176 1272 1210 1308 5.
1246 1270 1295 1307 al.
1327 1289 1383 1294 —-
1420 1269 1649 1306 Extremam

157 1354 293 1379 versus
323 1344 487 1391 partem,
521 1353 605 1390 quae
631 1341 760 1390 periit,
794 1341 949 1388 egregie
975 1339 1174 1389 supplevit
1198 1338 1414 1376 Lambinus
1441 1338 1650 1387 tamquam

158 1406 455 1459 Catapv'rater'z'a
486 1409 681 1455 scribens,
723 1422 812 1445 nam
844 1409 1158 1457 καταπειρητηρίη,
1201 1411 1242 1444 ut
1273 1407 1501 1444 Herodotus
1533 1407 1590 1453 II,
1627 1408 1647 1444 5

157 1481 197 1515 et
223 1479 288 1524 28,
322 1482 383 1514 est
412 1477 627 1526 plumbum,
662 1477 768 1526 quod
799 1478 839 1513 in
871 1490 977 1513 mare
1010 1477 1235 1513 demittitur
1267 1475 1489 1513 altitudinis
1515 1475 1648 1524 explo-

156 1546 289 1583 randae
321 1559 447 1583 causa.

273 1615 364 1651 595.
413 1610 538 1651 Nemo
576 1612 708 1658 codd.;
760 1611 908 1659 „Na1n“
945 1612 1051 1650 Brix.
1093 1612 1248 1649 Miiller.
1289 1611 1404 1660 Seyff.
1444 1630 1496 1635 —
1538 1610 1652 1648 amat

156 1682 374 1732 posteriore
414 1681 546 1727 brevi3
595 1681 763 1718 Franck.
796 1691 910 1718 meus
950 1681 1110 1718 omittit.
1143 1700 1198 1705 -—
1232 1681 1323 1717 597.
1358 1689 1460 1728 quae
1488 1676 1648 1727 fierent,

158 1763 234 1788 om.
272 1748 472 1796 „eorum“,
518 1763 555 1787 v.
599 1749 646 1785 ad
684 1749 824 1798 Amph.
867 1751 931 1786 38.
971 1769 1024 1774 —
1065 1746 1182 1797 fieret
1218 1749 1309 1785 olim
1350 1761 1420 1784 em.
1462 1767 1516 1772 —
1557 1748 1648 1784 598.

159 1815 270 1855 omni
300 1822 481 1868 correpta
511 1819 641 1867 priore
674 1817 835 1866 syllaba,
868 1831 902 1854 v.
936 1817 1115 1866 Prolegg.
1142 1830 1180 1865 p.
1208 1818 1301 1854 200.
1333 1835 1389 1840 -—
1419 1813 1510 1853 Sine
1541 1811 1652 1852 omni

157 1883 408 1935 suspicione,
440 1887 464 1922 i.
499 1899 531 1922 e.
564 1887 646 1922 sine
677 1885 758 1922 ulla
789 1899 831 1931 s.,
865 1886 912 1923 cf.
947 1887 1047 1931 2083
1099 1886 1361 1934 suspicionem
1394 1888 1523 1920 autem
1556 1883 1652 1920 dicit

157 1955 343 2000 aliorum,
375 1967 454 1991 non
471 1966 594 1991 suam.
611 1950 785 1991 —A‘rce
807 1954 847 1990 in
874 1954 1079 2002 proscenio
1106 1966 1187 1989 esse
1213 1952 1404 1998 solebant,
1436 1965 1472 1989 v,
1499 1951 1648 1988 Polluc.

157 2021 222 2069 IV,
259 2023 359 2060 123:
390 2022 471 2058 Ἐπὶ
501 2023 537 2058 δὲ
567 2024 625 2068 τῆς
657 2023 782 2067 σκηνῆς
806 2022 865 2057 καὶ
889 2021 1031 2071 ἀγυιεὺς
1056 2021 1164 2058 ἔκειτο
1190 2022 1306 2069 βωμὸς
1330 2021 1401 2069 πρὸ
1424 2022 1490 2056 τῶν
1517 2021 1650 2068 θυρῶν.

160 2091 265 2128 Talis
305 2095 635 2128 commemoratur
675 2090 780 2139 apud
819 2090 974 2127 Terent.
1014 2089 1137 2127 Andr.
1180 2090 1281 2126 726:
1340 2102 1409 2136 „cx
1456 2102 1524 2125 ara
1562 2088 1652 2125 hinc

156 2171 264 2196 sume
301 2158 491 2195 uerbenas
529 2158 644 2196 tibi&
713 2158 831 2195 Most.
878 2159 1004 2195 1074:
1056 2157 1163 2205 „Ego
1208 2158 1366 2193 interim
1407 2157 1506 2193 hanc
1544 2169 1651 2192 aram

158 2225 397 2275 occupabo“.
443 2227 566 2264 Merc.
602 2228 700 2264 667:
739 2227 861 2272 .‚hane
893 2228 1014 2263 uicini
1045 2228 1170 2263 nostri
1205 2222 1352 2271 aram“,
1387 2238 1500 2274 quam
1532 2224 1651 2273 Apol-

157 2295 249 2332 linis
281 2294 399 2331 fuisse
432 2308 479 2332 ex
508 2308 545 2332 V.
581 2296 658 2332 669
699 2298 883 2344 apparet,
930 2307 1006 2343 quo
1046 2293 1316 2331 animadverso
1359 2295 1477 2330 etiam
1508 2291 1649 2329 Bacch.

162 2364 238 2400 170
285 2362 357 2399 huc
404 2363 541 2399 referri
585 2367 730 2412 potest.
805 2363 905 2399 Aras
944 2362 1187 2411 occupabant
1225 2362 1446 2411 supplices,
1495 2372 1571 2409 quo
1611 2372 1651 2396 se

158 2431 321 2468 deorum
351 2431 479 2468 tutela
510 2430 779 2477 defenderent,
813 2430 858 2468 cf.
884 2431 1004 2467 Most.
1037 2431 1061 2468 l.
1087 2431 1112 2467 l.
1139 2430 1226 2467 Ter.
1253 2429 1394 2465 Heaut.
1420 2429 1519 2465 975:
1559 2440 1652 2464 ..nec

158 2502 203 2535 tu
234 2512 341 2535 aram
372 2499 447 2535 tibi
477 2512 547 2536 nec
576 2503 818 2548 precatorem
843 2496 1037 2548 pararis“.
1092 2497 1166 2535 Sed
1191 2499 1309 2534 etiam
1334 2497 1450 2532 otiosi
1475 2495 1651 2531 homines

157 2567 197 2602 in
243 2567 426 2604 altarium
473 2567 662 2615 gradibus
701 2567 837 2603 sedere
876 2570 1112 2616 potuerunt,
1162 2565 1288 2614 qualis
1329 2564 1364 2600 h.
1399 2564 1424 2600 l.
1457 2563 1651 2600 Strobilus

157 2634 283 2670 videri
313 2635 410 2672 vult.
444 2655 498 2660 -—
532 2636 623 2672 599.
658 2631 865 2682 arbitrari,
898 2636 922 2672 i.
957 2648 989 2672 e.
1024 2634 1216 2671 arbitrum
1247 2645 1343 2679 esse,
1377 2635 1552 2680 spectare
1585 2634 1652 2667 aut

158 2701 294 2739 audire
334 2703 480 2740 aliena-s
519 2716 600 2749 res;
648 2703 762 2752 vulgo
806 2703 970 2739 dicimus
1013 2704 1120 2749 „sine
1160 2698 1350 2745 a1·bitro“,
1391 2703 1435 2736 ut
1466 2699 1551 2736 Cas.
1585 2700 1650 2736 90.

159 2768 268 2819 Capt.
304 2771 401 2808 220:
439 2784 510 2817 „ne
543 2770 687 2807 arbitri·
714 2771 819 2807 dicta
850 2775 983 2807 nostra
1015 2769 1199 2806 arbitrari
1231 2764 1418 2816 queant“.
