1897 3171
243 186 325 225 344
883 178 1083 213 Aulularia.

238 311 392 361 palsas,
436 309 480 347 cf.
520 309 659 347 Bacch.
703 309 793 346 152.
847 307 988 346 Pseud.
1024 308 1142 345 1293.
1196 305 1297 344 Rud.
1332 306 1424 344 645.
1479 306 1599 344 Stich.
1634 307 1728 344 606.

243 378 331 416 Mil.
368 378 486 415 1026.
523 378 642 414 1323.
687 376 806 414 Most.
833 378 926 414 325.
973 375 1084 414 Cure.
1112 375 1176 411 83.
1206 393 1262 400 -—
1295 374 1386 412 625.
1428 370 1726 413 Uerberabilis-

241 455 366 492 sume,
399 444 627 482 verberibus
646 444 884 492 dignissime,
920 440 1305 493 ,,μαστιγωσιμώτατε“
1327 441 1491 480 Deenik.
1512 462 1561 468 -—
1590 438 1726 490 trifur,

245 513 291 550 cf.
328 514 420 550 318.
451 532 507 537 —
539 513 631 549 626.
663 508 809 562 Royas
839 515 937 549 antt.
970 510 1077 558 edd.;
1123 523 1200 547 vox
1228 510 1269 546 in
1299 509 1330 547 B
1362 511 1504 547 omissa
1534 512 1602 556 est,
1637 513 1728 549 cett.

244 577 470 629 „Rogitas“.
512 600 560 605 —
605 581 697 618 627.
742 576 867 618 Nihil
909 593 982 629 pro
1019 592 1098 615 una
1138 577 1290 626 syllaba
1325 578 1547 626 legendum.
1606 574 1729 616 Nihil

243 644 317 686 sibi
348 645 512 696 abstuli,
544 649 568 685 i.
602 661 633 685 e.
665 648 776 685 nulla
806 661 848 684 re
879 651 918 684 te
949 646 1123 697 privavi3
1155 645 1224 683 sed
1255 645 1392 683 Euclio
1424 646 1540 682 aliter
1572 646 1726 695 accipit,

240 717 351 765 quasi
383 712 457 753 tibi
486 716 642 753 dativus
675 715 867 753 commodi
900 719 1012 761 esset,
1046 716 1084 751 in
1107 718 1215 751 tuum
1242 727 1366 759 usum,
1398 714 1456 750 tui
1479 726 1572 750 usus
1599 726 1725 751 causa.

239 783 378 833 Wagn.
411 787 611 833 comparat
641 783 752 833 Capt.
783 785 874 821 860.
899 802 955 808 —
987 779 1230 828 abstuleras,
1263 781 1309 819 cf.
1328 781 1377 818 ad
1393 782 1534 832 Amph.
1555 783 1647 819 379.
1672 801 1730 807 —

239 853 331 889 628.
364 851 542 889 Leviculi
574 865 728 889 errores
761 851 904 888 codicis
935 850 984 898 B,
1019 850 1124 900 quod
1155 851 1312 887 inversa
1343 853 1433 886 sunt
1469 862 1728 899 personarum

236 920 406 966 nomina,
441 923 480 956 et
514 919 630 967 „Haec
655 918 771 969 quid“
808 932 880 968 pro
913 918 1052 967 ecquid
1084 919 1284 967 scriptum,
1320 917 1413 955 olim
1444 917 1592 954 sublati
1622 920 1726 964 sunt,

238 1000 309 1025 nec
339 987 556 1029 Francken.
591 987 801 1025 Camerarii
833 988 1069 1035 scripturam
1105 985 1199 1032 „ST.
1233 985 1331 1022 Hem
1364 984 1459 1034 quid
1491 983 1602 1034 agis?
1643 984 1725 1024 EU.

240 1055 341 1101 Quid
387 1053 550 1104 agam?'‘
598 1056 744 1092 referre
790 1054 940 1092 debuit.
1008 1050 1177 1104 Ecquid
1213 1049 1334 1103 afflig?
1378 1054 1433 1090 sic
1473 1053 1568 1090 dicit
1606 1065 1726 1090 morae

236 1124 460 1172 impatiens,
495 1125 554 1160 cui
586 1124 684 1160 nihil
716 1124 779 1171 agi
811 1127 878 1160 aut
908 1121 1008 1159 effici
1040 1122 1209 1169 videtur,
1243 1121 1289 1159 cf.
1322 1120 1438 1171 Epid.
1468 1123 1559 1158 677.
1619 1120 1728 1157 Idem

237 1191 443 1239 significat,
478 1192 581 1240 quod
600 1191 740 1239 Wagn.
773 1191 996 1228 substituit:
1034 1190 1140 1238 „Age
1171 1191 1203 1227 si
1235 1174 1330 1240 quid
1362 1185 1494 1237 agis“;
1527 1188 1729 1226 substituit

236 1262 366 1296 autem
383 1273 519 1296 versus
537 1272 665 1305 causa,
699 1272 934 1308 quamquam
962 1258 1063 1295 idem
1090 1256 1145 1305 (in
1173 1256 1293 1305 notis)
1318 1258 1468 1294 hiatum
1492 1261 1583 1306 post
1608 1267 1729 1307 aqam

236 1327 330 1365 ferri
362 1341 478 1377 posse
512 1330 662 1373 censet3
695 1326 760 1363 sed
792 1326 1024 1376 productam
1048 1326 1228 1363 ultimam
1253 1325 1368 1362 huius
1391 1325 1501 1362 verbi
1529 1325 1726 1375 quomodo

234 1395 433 1432 feremus?
467 1395 629 1432 Guietus
651 1394 757 1441 „Hoc
774 1391 952 1431 auferre“
981 1393 1105 1431 edidit
1121 1394 1292 1440 Mffller„
1314 1392 1478 1441 „Hinc“,
1507 1393 1725 1432 Francken.

241 1462 393 1510 „Mea“,
428 1463 534 1512 quod
564 1462 811 1513 probavi.——
834 1472 918 1500 non
946 1463 1078 1511 potes,
1111 1475 1189 1498 non
1220 1461 1365 1499 licebit.
1389 1481 1445 1486 --
1471 1462 1563 1499 629.
1599 1457 1726 1509 Pone,

234 1533 259 1569 i.
279 1545 310 1568 e.
339 1531 490 1580 depone
509 1531 642 1568 ollam.
688 1530 808 1567 Recte
834 1534 872 1567 et
897 1543 943 1567 ex
969 1531 1160 1567 communi
1184 1543 1292 1566 more
1316 1529 1390 1567 hoc
1414 1529 1558 1566 dicitur
1584 1531 1726 1566 omisso

235 1600 401 1645 obiecto,
435 1599 482 1636 cf.
514 1599 634 1636 Merc.
670 1600 770 1635 766:
816 1598 932 1644 „dum
964 1598 1022 1634 illi
1052 1595 1246 1648 ponunt“,
1280 1610 1330 1635 sc.
1363 1610 1468 1634 vasa.
1524 1597 1618 1634 Hor.
1651 1596 1725 1646 Ep.

234 1667 264 1714 I,
302 1668 363 1713 16,
400 1668 469 1704 35:
509 1667 656 1713 „Pone3
689 1679 819 1703 meum
851 1670 919 1713 est,
952 1667 1094 1715 inquit.
1151 1666 1272 1712 Pono,
1305 1666 1512 1714 tristisque
1542 1663 1724 1702 1·ecedo“.

232 1755 288 1759 —
319 1731 374 1772 Id
403 1731 566 1784 quidem
596 1734 744 1772 Pareus
775 1748 867 1780 em.;
913 1735 1113 1783 plerique:
1158 1730 1420 1783 „Equidem“.
1481 1733 1575 1770 Mox
1607 1746 1726 1782 quum

235 1800 332 1840 (lata
364 1813 406 1840 re
437 1803 606 1851 intelligi
637 1816 714 1840 non
755 1803 897 1851 possit,
940 1802 1026 1840 edd.
1064 1800 1249 1848 „datare“
1287 1801 1482 1847 scribunt,
1524 1801 1564 1837 id
1596 1804 1725 1837 autem

235 1871 370 1908 eodem
419 1871 536 1908 modo
582 1871 829 1918 intelligunt,
878 1883 954 1919 quo
999 1869 1140 1917 „dare“
1184 1869 1312 1907 Oasin.
1354 1870 1447 1907 339.
1526 1866 1720 1916 „Servus“

234 1940 419 1988 inquiunt
449 1938 680 1985 „obscenum
705 1940 832 1976 iocum
860 1941 1033 1987 captans,
1067 1951 1184 1986 quum
1201 1937 1340 1974 Euclio
1365 1934 1520 1983 „Pone“
1548 1937 1723 1984 dixisset,

232 2006 304 2043 hoc
352 2006 513 2043 verbum
558 2019 630 2056 pro
678 2006 863 2043 adverbio
912 2007 1074 2054 accipit,
1124 2006 1230 2054 quasi
1278 2019 1323 2052 „a
1371 2003 1533 2054 tergo“;
1595 2018 1637 2041 ac
1682 2018 1726 2041 re

232 2087 325 2111 vera
370 2074 440 2110 tali
481 2075 665 2122 ambiguo
703 2074 868 2111 Plautus
906 2076 1037 2111 utitur
1076 2073 1194 2110 Poen.
1238 2074 1315 2110 614
1356 2087 1435 2122 sq.:
1488 2072 1616 2120 „Pone
1655 2085 1726 2110 nos

232 2141 382 2179 recede.
459 2141 532 2179 CO.
580 2143 681 2179 Fiat.
764 2141 848 2179 AD.
888 2141 968 2178 Nos
1006 2142 1158 2190 priores
1197 2142 1353 2179 ibimus.
1437 2140 1510 2178 CO.
1557 2140 1725 2177 Faciunt

234 2223 389 2246 scurrae
423 2210 526 2259 quod
560 2214 815 2256 consuerunt,
848 2222 948 2258 pone
982 2223 1067 2245 sese
1098 2209 1274 2247 homines
1306 2208 1477 2247 locant“.
1525 2208 1600 2245 Sed
1632 2208 1724 2245 inde

234 2291 310 2315 non
351 2279 529 2327 sequitur
567 2277 671 2314 idem
702 2278 738 2315 h.
771 2279 796 2315 l.
830 2278 976 2314 factum
1010 2290 1106 2314 esse.
1168 2277 1466 2315 Cavillationem
1496 2278 1624 2313 inesse
1656 2289 1724 2325 ap-

231 2350 363 2395 paret.
412 2345 696 2394 turpitudinem
737 2358 813 2382 non
854 2349 1029 2393 apparet.
1103 2345 1297 2395 Equidem
1337 2343 1493 2384 (licta-re
1536 2345 1724 2381 Plautum

232 2415 435 2463 scripsisse
468 2413 596 2450 credo.
646 2413 856 2461 Postquam
874 2413 1011 2450 Euclio
1043 2426 1210 2460 servum,
1244 2414 1350 2463 quod
1381 2426 1509 2450 secum
1533 2415 1723 2461 portaret,

231 2494 377 2530 ponere
409 2481 541 2527 iussit,
588 2484 634 2517 ut
664 2483 704 2517 in
736 2480 948 2517 Horatiano
979 2481 1083 2527 loco,
1132 2494 1245 2529 quem
1278 2481 1542 2525 laudavimus,
1589 2492 1724 2517 servus

232 2548 457 2599 respondet,
491 2549 657 2586 latronis
688 2548 788 2585 hanc
818 2561 950 2584 vocem
985 2562 1078 2595 esse,
1112 2549 1179 2585 sed
1211 2563 1249 2585 se
1275 2550 1387 2586 facile
1413 2549 1570 2586 credere
1595 2547 1723 2584 Eucli-

234 2630 345 2653 onem
365 2630 408 2653 ea
426 2619 484 2653 uti
503 2617 641 2654 solere.
664 2635 713 2641 —
735 2617 826 2653 630.
845 2612 918 2653 hoc
934 2615 1073 2663 Wagn.
1092 2617 1204 2665 quasi
1227 2617 1346 2662 „huc”
1377 2618 1530 2665 accipit,
1550 2616 1596 2653 cf.
1616 2615 1723 2653 Brix,

233 2684 281 2721 ad
300 2684 408 2733 Capt.
423 2685 515 2731 477,
535 2697 603 2721 nos
621 2684 669 2721 ad
688 2683 826 2721 Bacch.
850 2684 954 2720 1150
969 2698 977 2730 3
995 2696 1064 2720 nec
1087 2681 1196 2729 „hic“
1218 2686 1493 2730 necessarium,
1511 2696 1547 2721 v.
1561 2683 1609 2719 ad
1628 2684 1722 2721 698.

225 2748 287 2776 ⁴—-
304 2750 423 2801 (tufer
440 2748 642 2799 camillam,
662 2751 796 2789 desine
814 2751 1002 2797 cauillari,
1023 2750 1068 2788 cf.
1085 2750 1195 2800 Capt.
1217 2754 1309 2790 959.
1352 2752 1462 2789 Cure.
1482 2751 1575 2788 245.
1615 2750 1722 2789 Men.
