1854 3188
228 201 280 240 22
911 201 1034 236 Plauti
1443 202 1497 247 Π,
1508 206 1543 249 4,
1557 205 1669 240 8—23

835 324 1112 369 Strobilus

227 394 360 447 Atqui
392 409 469 448 ego
500 396 625 449 istuc,
655 396 862 450 AnthraX,
894 399 1159 441 aliouorsum
1190 399 1395 450 dixeram,

228 465 325 506 Non
355 466 481 519 istuc,
515 468 630 521 quod
659 473 708 511 tu
737 470 978 512 insimulas.
1042 470 1125 512 Sed
1157 484 1254 512 erus
1284 472 1459 525 nuptias
1650 485 1716 519 280

179 566 182 569 -
228 535 351 578 Meus
383 537 512 581 hodie
541 539 685 582 faciet.

855 613 1095 654 Anthrax

750 684 915 734 Quoius
948 686 1068 726 ducit
1098 684 1259 726 filiam?

833 756 1109 799 Strobilus

226 824 368 866 Uicini
400 825 525 868 huius
556 828 775 870 Euclionis
805 829 902 870 hinc
933 843 954 870 e
985 843 1208 883 proxumo.

226 896 279 937 Ei
311 897 419 939 adeo
452 900 603 952 opsoni
634 900 734 941 hinc
767 901 990 942 dimidium
1021 902 1149 943 iussit
1182 902 1287 952 dari,

228 967 420 1021 Coquom
451 970 650 1022 alterum,
681 971 917 1025 itidemque
949 973 1133 1015 alteram
1162 974 1400 1015 tibicinam.

850 1044 1091 1086 Anthrax

225 1111 389 1166 Nempe
420 1113 522 1155 huic
553 1114 778 1157 dimidium
809 1116 929 1168 dicis,
963 1117 1188 1159 dimidium
1219 1117 1363 1159 domi?
1651 1128 1717 1162 285

835 1187 1108 1231 Strobilus

225 1255 402 1310 Nempe,
435 1258 546 1300 sicut
576 1259 697 1302 dicis.

856 1332 1086 1386 Congrio

771 1403 895 1456 Quid,
927 1406 997 1446 hic
1027 1420 1113 1447 non
1144 1409 1317 1459 poterat
1349 1405 1400 1446 de
1433 1419 1511 1446 suo

229 1473 367 1515 Senex
399 1475 603 1528 opsonari
633 1475 748 1518 filiae
778 1478 822 1518 in
853 1478 1046 1531 nuptiis?

835 1548 1115 1591 Strobilus

226 1618 344 1660 Uahz

862 1692 1090 1747 Congrio

399 1761 512 1812 Quid
542 1765 762 1818 negotist?

831 1835 1114 1878 Strobilus

886 1908 999 1957 Quid
1030 1908 1177 1961 negoti
1209 1908 1276 1960 sit,
1306 1908 1464 1961 rogas?

223 1981 386 2022 Puniex
415 1995 502 2023 non
532 1985 712 2034 aequest
742 1981 888 2023 aridus
919 1986 1052 2034 atque
1084 1980 1152 2021 hic
1183 1984 1249 2021 est
1282 1994 1425 2021 senex,

857 2051 1089 2105 Congrio

226 2125 309 2167 Ain
338 2125 547 2168 tandem?

837 2197 1110 2240 Strobilus

611 2271 680 2312 Ita
711 2286 817 2321 esse,
849 2275 897 2312 ut
928 2270 1034 2320 dico,
1065 2273 1159 2310 tute
1191 2269 1416 2309 existuma.
1654 2278 1721 2312 290

195 2385 197 2387 ,
230 2343 342 2393 Quin
375 2343 522 2384 diuom
553 2346 686 2396 atque
717 2343 939 2384 hominum
971 2342 1131 2382 clamat
1162 2341 1366 2381 continuo
1399 2340 1539 2390 fidem⁷

233 2414 364 2456 Suam
394 2429 485 2456 rem
516 2415 691 2468 perisse,
726 2429 856 2467 seque
888 2414 1163 2464 eradicarien

230 2487 293 2529 De
325 2501 402 2528 suo
432 2487 572 2540 tigillo
603 2486 746 2528 fumus
778 2488 814 2528 si
845 2500 930 2540 qua
961 2486 1050 2526 exit
1080 2485 1208 2526 foras.

230 2558 354 2610 Quin,
388 2573 516 2613 quom
546 2560 581 2600 it
612 2559 857 2609 dormitum,
889 2559 1036 2599 follem
1069 2557 1300 2610 obstringit
1332 2557 1384 2597 ob
1418 2556 1576 2608 gulam.

320 2729 384 2763 279
410 2731 531 2774 Atque
625 2731 691 2764 282
714 2729 800 2763 hinc
828 2739 892 2762 om.
973 2728 1039 2760 290
1064 2726 1156 2760 dicis
1182 2725 1329 2760 COCUS
1355 2725 1448 2759 Tute
1522 2725 1585 2758 291
1612 2728 1714 2768 post-

228 2789 376 2833 ponitur
393 2788 583 2831 prooeimffl
605 2786 813 2830 proeftyitur
837 2785 1030 2820 Strobilus.
