1897 3171
758 211 786 243 v
831 214 1014 244 uso—1254.
1551 215 1624 252 471

139 344 269 379 manni
309 345 598 380 enarrationem
641 340 822 378 afferam:
874 339 1064 387 „Dixerat
1096 339 1241 387 Hegio:
1288 340 1373 387 Age
1404 341 1476 386 sis,
1521 352 1630 388 roga,

140 412 298 460 quanti,
338 411 362 448 i.
397 424 427 448 e.
462 424 578 460 quam
617 411 722 447 laute
760 421 912 445 mecum
953 421 1093 445 cenare
1132 408 1241 444 velis.
1312 408 1383 445 Cui
1423 408 1636 458 respondet

138 480 333 528 parasitus
372 479 468 515 nihil
507 492 645 516 curans
690 478 883 528 pretium:
932 476 1077 526 Empta
1116 489 1177 512 res
1219 480 1296 523 est3
1344 480 1456 513 caute
1502 480 1633 514 tamen

141 547 270 584 addit:
303 548 379 584 nisi
418 549 485 596 qui
516 547 716 584 meliorem
750 545 1018 582 conditionem
1050 541 1226 582 afferet“.
1281 545 1360 582 Nec
1391 546 1514 582 multo
1545 559 1633 595 pro-

140 614 291 662 ficitur,
338 617 370 652 si
415 620 484 653 aut
530 629 615 653 cum
656 614 851 652 Salmasio
895 611 1042 661 ,‚rogo“
1086 613 1234 650 scribas
1274 616 1341 650 aut
1380 626 1466 650 cum
1508 613 1632 664 Gepp.

145 682 334 732 „rogan“.
395 684 519 720 Immo
550 683 650 721 nihil
681 681 931 728 mutandum,
964 684 1009 718 ut
1038 694 1138 718 unus
1170 680 1389 718 Palmerius
1422 682 1633 720 intellexit.

142 752 263 790 Codd.
298 752 327 789 B
360 757 399 789 ct
430 753 447 789 I
479 753 611 790 omnia
640 754 747 788 recte
778 763 876 797 non,
916 753 961 786 ut
992 750 1140 786 Pareus
1180 749 1294 795 dicit,
1334 749 1522 799 Hegioni,
1564 750 1633 787 sed

141 822 319 869 parasito
351 822 597 858 continuant.
658 819 754 856 Eius
787 822 846 856 est
875 818 1052 855 hortatio
1084 814 1176 867 Aye
1207 815 1289 863 Sis,
1328 819 1361 854 is
1392 818 1504 855 addit
1536 829 1635 868 roya

143 888 339 937 emptum,
372 891 398 927 i.
432 901 462 925 e.
497 889 736 938 emptionem
769 886 933 934 confice,
975 886 1274 935 stipulationem
1305 886 1384 933 fac,
1418 888 1545 936 qualis
1577 891 1635 924 est

137 957 254 1007 Epid.
288 959 388 995 467:
441 956 574 1003 „MIL.
607 956 730 993 Estne
763 960 894 1006 empta
926 951 1049 992 haec‘?
1096 953 1212 991 PER.
1244 954 1332 991 Tibi
1364 956 1450 991 istis
1482 954 1633 1004 legibus

138 1025 282 1063 habeas
313 1024 445 1063 licet“.
506 1021 708 1073 Emptum
739 1025 988 1062 substantive
1018 1023 1193 1074 ponitur,
1226 1026 1271 1060 ut
1300 1023 1369 1060 ubi
1405 1037 1477 1070 „ex
1501 1027 1633 1072 empto

139 1092 309 1142 agitur“,
343 1094 390 1132 de
422 1107 499 1144 qua
529 1107 572 1131 re
602 1107 639 1132 v.
671 1093 808 1141 Digest
837 1093 944 1139 XIX,
982 1094 1015 1130 l.
1085 1087 1359 1130 Condiciones
1390 1095 1520 1128 autem
1552 1093 1633 1130 sive

138 1159 247 1211 lesses
281 1160 345 1210 (cf.
380 1163 488 1200 Asin.
524 1160 620 1209 232)
653 1176 754 1212 saepe
796 1164 836 1198 in
877 1161 1040 1198 emendo
1079 1160 1348 1207 addebantur,
1397 1161 1429 1196 si
1460 1160 1634 1198 addictio

137 1232 176 1268 in
209 1231 310 1268 diem
342 1231 474 1279 fiebat,
507 1232 675 1268 maxime
706 1231 774 1268 ubi
807 1230 853 1267 de
884 1227 1035 1280 fvmdis
1067 1228 1268 1277 agebatur,
1303 1229 1348 1266 cf.
1374 1228 1462 1278 Dig.
1488 1229 1632 1276 XVIII,

138 1301 174 1346 2,
211 1301 251 1337 l:
304 1300 395 1347 „ille
426 1299 571 1337 fundus
604 1303 759 1338 centum
791 1302 874 1336 esto
904 1299 979 1335 tibi
1011 1301 1185 1347 emptus,
1226 1298 1301 1334 nisi
1339 1299 1371 1334 si
1412 1300 1500 1347 quis
1530 1299 1635 1335 intra

136 1368 225 1406 Kal.
258 1368 339 1406 Ian.
372 1369 573 1417 proximas
612 1369 815 1406 meliorem
864 1367 1134 1405 condicionem
1173 1364 1352 1403 feceriff.
1435 1361 1634 1405 0οηίῖίοἱο

136 1437 254 1474 etiam
287 1437 335 1473 de
366 1437 602 1474 invitatione
634 1436 684 1474 ad
715 1449 850 1473 cenam
883 1435 1046 1482 dicitur,
1086 1449 1122 1472 v.
1156 1434 1273 1472 Mart.
1306 1434 1382 1482 XI,
1419 1437 1488 1472 52:
1539 1436 1632 1482 „Ce-

135 1505 246 1542 nabis
280 1505 392 1552 belle,
424 1505 500 1543 Iuli
533 1505 718 1552 Cerealis,
752 1504 857 1554 apud
889 1517 969 1549 me3
1021 1503 1206 1540 Condicio
1238 1507 1297 1540 est
1328 1504 1467 1540 melior
1498 1505 1530 1541 si
1560 1505 1632 1541 tibi

134 1574 260 1622 nulla,
300 1571 430 1612 veni“.
499 1573 709 1611 Retinetur
754 1575 883 1621 imago
925 1574 980 1609 rei
1012 1572 1228 1609 vendendae
1267 1573 1385 1608 etiam
1424 1574 1465 1609 in
1497 1572 1632 1609 addito

135 1639 302 1689 amieis,
350 1657 437 1679 nam
477 1644 545 1692 qui
585 1645 698 1680 caute
737 1655 816 1678 rem
857 1642 1090 1678 familiarem
1122 1641 1399 1677 administrare
1432 1641 1629 1688 volebant,

134 1712 279 1748 amicos
318 1712 358 1748 in
398 1711 602 1748 consilium
645 1710 897 1748 adhibebant.
960 1710 1022 1747 Sic
1052 1712 1099 1758 τῷ
1130 1710 1346 1757 amendam»
1379 1709 1632 1747 Philodemus

134 1780 181 1817 de
212 1781 322 1817 vitiis
352 1780 400 1826 X,
435 1781 508 1818 col.
546 1782 592 1817 17
628 1780 782 1824 obiicit,
817 1779 924 1829 quod
955 1779 1078 1826 μηδενὶ
1110 1780 1434 1827 προσαναθέμενος
1465 1778 1629 1827 ἀγοράζει

133 1849 191 1884 καὶ
223 1850 342 1884 πωλεῖ.
382 1869 436 1874 -—
479 1851 570 1887 182.
614 1848 691 1895 Tu,
733 1849 881 1897 inquit,
922 1860 1000 1884 non
1029 1846 1195 1884 fundum
1234 1847 1391 1893 vendis,
1432 1847 1500 1883 sed
1530 1857 1630 1895 pro-

132 1915 331 1968 fundum,
375 1919 398 1955 i.
433 1931 465 1956 e.
498 1919 726 1965 voraginem
767 1917 899 1954 omnia
935 1916 1203 1961 haurientem,
1251 1928 1341 1952 nam
1371 1919 1510 1952 venter
1540 1920 1631 1953 tuus

132 1999 345 2036 numquam
391 1987 541 2036 expleri
587 1990 731 2035 potest.
814 1985 871 2023 Cf.
920 1984 1031 2022 Cure.
1076 1985 1176 2021 122:
1235 1981 1530 2031 „barathrum“.
1577 2004 1632 2008 —

134 2055 226 2092 183.
280 2054 381 2102 „Sed
419 2056 451 2092 si
489 2059 681 2092 venturus
713 2052 776 2091 es“
820 2054 962 2102 inquit,
1000 2056 1178 2101 „mature
1209 2050 1385 2090 venito“.
1450 2051 1630 2101 temperi,

131 2135 168 2159 v.
201 2123 291 2160 Aul.
325 2124 419 2161 446.
481 2124 686 2160 Parasitus
717 2135 795 2159 non
826 2125 1003 2167 recusat,
1038 2122 1245 2171 quominus
1276 2120 1340 2157 vel
1371 2122 1503 2158 statim
1536 2135 1630 2158 cena

132 2192 311 2242 incipiat.
373 2188 470 2238 Em,
503 2192 551 2229 cf.
584 2192 693 2228 Asin.
728 2192 822 2229 333.
854 2210 910 2215 —-
946 2191 1037 2228 184.
1070 2189 1196 2238 Hegio
1227 2189 1352 2226 nihilo
1383 2191 1511 2226 minus
1544 2190 1631 2226 hor-

75 2273 77 2275 ’
132 2262 241 2297 tatur
280 2264 326 2297 ut
363 2261 565 2298 meliorem
605 2260 874 2298 condicionem
905 2259 980 2296 sibi
1013 2262 1175 2308 quaerat.
1238 2258 1465 2295 Lautiorem
1498 2272 1630 2295 cenam

133 2342 221 2366 cum
253 2329 386 2378 lepore
417 2334 636 2378 comparat,
670 2342 781 2366 suum
813 2341 900 2365 cum
931 2325 1074 2375 2'ez‘2'de3
1105 2328 1159 2364 sic
1184 2329 1287 2364 enim
1313 2326 1518 2374 legendum
1547 2340 1630 2363 esse

133 2401 239 2435 recte
283 2397 383 2434 vidit
420 2398 564 2434 Laelius
602 2398 806 2434 Brisciola.
883 2395 956 2433 Est
1003 2397 1107 2433 enim
1152 2397 1240 2433 ictis
1279 2395 1453 2432 mustelae
1494 2407 1629 2442 genus,

108 2454 169 2504 ἠγ.
196 2466 298 2503 Plin.
324 2466 371 2503 H.
397 2466 444 2504 N.
469 2465 616 2511 XXIX,
643 2466 679 2512 4,
712 2467 774 2512 16,
803 2466 875 2503 60:
923 2465 1208 2511 „Mustelarum
1240 2463 1318 2500 duo
1350 2475 1496 2510 genera
1527 2468 1628 2510 sunt,

136 2535 303 2572 alterum
335 2534 534 2581 silvestre,
578 2534 730 2571 distans
769 2533 1060 2583 magnitudine3
1107 2532 1233 2569 Graeci
1274 2536 1413 2568 vocant
1450 2531 1627 2569 isti‹las“.

135 2603 300 2641 Aristot.
333 2603 381 2641 H.
414 2602 542 2640 Anim.
574 2602 648 2649 IX,
683 2604 756 2639 75:
803 2602 823 2648 ἡ
854 2602 884 2637 δ’
916 2605 1001 2643 ἴκτις
1033 2601 1108 2637 ἐστὶ
1145 2602 1209 2648 μὲν
1245 2600 1285 2636 τὸ
1323 2602 1481 2649 μέγεθος
1516 2600 1630 2645 ἡλίκον

139 2673 333 2708 Μελιταῖον
363 2671 516 2707 κυνίδιον
546 2673 614 2707 τῶν
650 2673 795 2720 μικρῶν,
824 2672 884 2716 τῂν
915 2671 951 2707 δὲ
991 2671 1167 2714 δασύτητα
1199 2669 1257 2704 καὶ
1294 2669 1354 2713 τὴν
1389 2668 1473 2717 ὄψιν
1505 2669 1562 2704 καὶ
1594 2670 1632 2704 τὸ

138 2741 259 2777 λευκὸν
290 2741 330 2777 τὸ
360 2741 526 2777 ὑποκάτω
558 2741 616 2776 καὶ
646 2741 709 2776 τοῖ’
729 2740 846 2786 ἤθους
868 2740 928 2785 τὴν
953 2739 1169 2787 κακουργίαν
1194 2738 1315 2785 ὅμοιον
1337 2738 1438 2786 γαλῇ.
1485 2736 1629 2774 Duram

140 2822 294 2846 carnem
334 2811 417 2846 eius
456 2810 575 2846 fuisse
617 2812 783 2859 apparet
814 2822 861 2845 ex
891 2809 1071 2857 proximo
1102 2819 1229 2852 versu,
1261 2805 1330 2842 ubi
1362 2805 1486 2854 Hegio
1519 2819 1627 2842 suum
