1897 3171
259 211 338 250 216
938 211 1060 245 Plauti
1521 212 1548 256 Ι,
1565 215 1593 257 1,
1607 215 1741 249 41——53

821 335 1151 378 Phaedromu
1167 352 1186 379 s

992 409 1139 450 Etiam
1170 409 1326 451 taces?

859 495 1147 538 Palinurus

257 563 421 618 Nempe
454 564 629 619 obloqui
661 579 727 607 me
758 566 964 608 iusseras.

821 653 1188 696 Phaedromus

1034 727 1089 768 At
1120 741 1234 768 nunc
1264 731 1381 769 uoto.

257 795 340 838 Sed
372 800 420 838 ut
451 796 530 838 tibi
562 797 709 851 occepi
743 797 896 846 dicere,
929 799 967 839 ei
999 798 1257 841 ancillulast.

861 884 1144 927 Palinurus

254 955 418 1009 Nempe
449 956 550 997 huic
581 955 737 997 lenoni.
771 957 845 1009 qui
875 956 946 998 hic
976 956 1175 999 habitat?

822 1043 1189 1087 Phaedromus

1255 1117 1389 1158 Recte
1420 1121 1554 1159 tenes.

851 1187 1143 1230 Palinurus

253 1257 398 1299 Minus
429 1257 686 1302 formidabo.
719 1273 772 1301 ne
805 1259 989 1302 excidat.

818 1343 1181 1385 Phaedromus

1059 1415 1243 1457 Odiosus
1275 1429 1331 1456 es.

256 1484 363 1526 Eam
394 1485 490 1526 uolt
523 1487 794 1528 meretricem
824 1486 978 1529 facere.
1040 1487 1104 1529 Ea
1135 1502 1201 1530 me
1235 1487 1423 1541 deperit3

255 1557 345 1611 Ego
379 1562 523 1599 autem
557 1571 651 1598 cum
684 1558 760 1600 illa
790 1558 933 1600 facere
965 1559 1065 1601 nolo
1097 1564 1307 1601 mutuum.

853 1630 1145 1673 Palinurus

255 1699 369 1750 Quid
400 1701 491 1742 ita?

821 1773 1185 1816 Phaedromus

555 1846 665 1896 Quia
695 1846 920 1901 proprium
951 1845 1087 1897 faci03
1120 1860 1215 1888 amo
1249 1847 1415 1900 pariter
1447 1845 1586 1887 simul.

854 1917 1142 1959 Palinurus

252 1988 395 2030 Malus
429 1989 721 2031 clandestinus
755 1995 821 2031 est
853 2003 995 2039 amon
1030 1990 1277 2031 damnumst
1307 2003 1485 2031 merum.

818 2060 1181 2103 Phaedromus

252 2132 334 2173 Est
364 2132 509 2174 hercle
541 2133 614 2184 ita,
646 2137 694 2174 ut
724 2138 772 2174 tu
806 2133 924 2174 dieis.

850 2204 1148 2246 Palinurus

992 2276 1139 2317 Iamne
1173 2290 1225 2318 ea
1255 2276 1340 2318 fert
1371 2276 1548 2330 iugum?

820 2348 1185 2390 Phaedromus

252 2420 356 2461 Tam
390 2434 413 2461 a
445 2433 512 2460 me
544 2419 754 2474 pudicast‚
789 2421 914 2474 quasi
947 2433 1069 2461 soror
1101 2434 1195 2461 mea
1228 2420 1294 2471 sit,
1326 2420 1411 2461 nisi

252 2491 296 2533 Si
327 2496 394 2533 est
427 2491 662 2533 osculando
696 2491 919 2545 quidpiam
951 2492 1206 2546 inpudicior.

850 2562 1141 2605 Palinurus

252 2633 440 2688 Semper,
472 2639 519 2675 tu
551 2635 670 2686 scito,
703 2634 877 2676 flamma
907 2634 1023 2677 fumo
1057 2640 1121 2676 est
1153 2648 1384 2689 proxuma3

340 2788 382 2821 43
407 2787 450 2821 Id
475 2788 530 2821 uti
558 2790 686 2833 occepi
779 2790 822 2822 45
850 2788 982 2823 exedat
1075 2790 1118 2821 <30
1142 2788 1223 2821 Iam
1248 2799 1291 2822 ea

1701 1426 1746 1459 45

1700 2286 1744 2319 50
