1897 3171
749 197 792 231 v.
816 199 1006 231 295—304.
1537 204 1616 242 305

131 327 169 365 h.
200 327 226 364 1.
258 339 306 363 ex
334 325 511 375 proxime
549 324 798 363 antecedenti
837 327 1028 364 sententia
1066 326 1194 364 audiri
1232 340 1311 365 non
1349 332 1492 378 potest.
1553 330 1614 367 In-

131 394 325 444 telligitur
365 407 411 430 ex
448 393 573 430 totius
611 393 688 431 loci
718 394 892 431 ratione:
943 394 1165 444 „quomodo
1204 408 1320 444 agere
1358 395 1522 435 soleat“.
1563 418 1618 423 —

135 464 226 500 300.
265 458 397 500 hercle
428 474 561 498 versus
593 447 707 498 causa
737 462 829 498 olim
859 463 1155 512 transpositum.
1193 483 1242 488 —-
1271 460 1417 511 plorat
1440 464 1616 516 profun-

133 530 245 578 dere,
277 533 303 569 i.
338 543 370 567 e.
404 530 536 578 plorat
572 530 760 580 profundi
798 543 959 579 aquam,
1006 531 1069 568 vel
1098 532 1230 581 potius
1261 533 1501 581 profundere
1531 548 1617 584 gra-

130 604 266 647 vatur3
312 599 359 636 cf.
399 598 493 636 Hor.
534 599 605 636 Od.
645 598 720 645 III,
759 599 829 645 10,
863 600 909 635 4:
962 612 1045 646 „me
1083 599 1250 636 obiicere
1292 600 1467 648 plorares
1508 606 1616 651 aqui-

130 666 327 706 lonibus“.
359 688 414 692 -—
445 663 569 713 ῐαιιαΐ,
616 667 693 704 vid.
722 667 771 704 ad
801 667 942 717 Amph.
975 669 1069 705 795.
1102 687 1157 692 -
1189 669 1281 706 301.
1323 664 1499 717 Censen,
1540 672 1564 708 i.
1584 685 1615 708 e.

131 750 257 775 nonne
296 732 455 773 censes?
497 736 544 772 cf.
575 736 696 773 Merc.
730 736 829 772 452:
891 735 1191 782 „CertumuestP
1237 736 1318 774 DE.
1351 736 1499 775 Censen
1538 753 1617 775 cer-

130 810 214 843 tum
254 802 389 842 esse?“
437 824 494 829 —-
538 803 723 841 Codicum
762 804 996 853 scripturam
1028 804 1168 853 potest
1196 804 1411 843 Francken.
1445 806 1620 844 defendit

132 875 274 912 collato
318 872 419 911 Rud.
465 873 591 919 1269;
643 885 779 908 verum
825 872 878 908 ibi
923 873 1148 923 interpungi
1194 877 1348 923 potest:
1414 875 1616 921 „Censen·?

131 943 259 980 Hodie
297 940 559 991 despondebit
596 953 680 977 eam
718 940 832 987 mihi,
881 938 1078 990 quaeso‘?“
1156 942 1254 979 Mihi
1293 955 1379 979 cum
1419 943 1618 993 plerisque

132 1014 358 1061 corruptum
397 1009 567 1047 videtur.
642 1009 800 1046 Priores
839 1008 947 1046 edd.:
998 1008 1218 1059 „potesse“‚
1263 1014 1309 1047 ut
1353 1024 1486 1049 versus
1532 1025 1616 1049 cum

131 1080 310 1130 proximo
350 1079 600 1126 iungeretur,
647 1077 752 1127 quod
797 1078 837 1114 in
883 1078 1047 1114 senariis
1085 1077 1170 1115 fieri
1207 1079 1271 1116 vix
1309 1082 1455 1128 potest,
1501 1080 1617 1118 Both.

137 1144 398 1195 „exorarier.“
461 1146 600 1196 Wagn.
623 1146 741 1194 pote.
776 1148 918 1183 omisso
950 1146 1068 1183 verbo
1100 1147 1366 1193 substantivo,
1407 1148 1468 1184 vel
1496 1147 1616 1197 potis,

131 1220 176 1254 ut
205 1217 240 1254 A
270 1217 310 1253 in
346 1215 463 1265 Epid.
503 1216 604 1252 224:
675 1215 752 1263 „At
782 1215 954 1252 tributus
985 1229 1103 1264 quom
1133 1217 1336 1265 inperatus
1367 1220 1443 1263 est,
1477 1221 1621 1267 negant

131 1285 251 1335 pendi
288 1280 419 1334 potis“
461 1279 572 1333 (cett.
606 1283 716 1321 codd.
754 1280 991 1332 „potesse“).
1059 1284 1167 1321 Idem
1213 1298 1324 1322 error
1368 1285 1618 1335 corrigendus

130 1354 235 1391 Men.
271 1354 370 1391 593:
407 1352 660 1399 „Clanculum
689 1356 728 1388 te
759 1354 880 1389 istaec
909 1351 1063 1401 flagitia
1092 1352 1220 1390 facere
1252 1353 1438 1390 censebas
1468 1351 1615 1403 pote?“

134 1420 264 1470 (codd.
301 1417 540 1470 „potesse“).
607 1420 765 1458 Trucul.
800 1421 898 1458 316:
948 1433 1087 1470 „spero
1117 1423 1303 1458 inmutari
1333 1420 1448 1471 pote“
1487 1419 1616 1470 (codd.

132 1495 171 1527 et
208 1491 242 1527 A
284 1487 497 1539 „potest“).
566 1488 677 1539 Capt.
721 1487 819 1526 171:
871 1488 978 1535 „Hoc
1021 1489 1133 1526 illum
1174 1503 1234 1526 me
1275 1495 1426 1527 mutare
1465 1491 1616 1528 confido

131 1557 248 1608 pote⁴⁴
301 1554 430 1607 (codd.
475 1555 640 1605 „fore“).
688 1556 736 1594 cf.
778 1556 880 1593 infra
920 1558 1012 1595 382.
1068 1577 1123 1582 —
1175 1555 1373 1596 talentum
1423 1569 1619 1608 maganum

132 1639 235 1676 saepe
265 1626 413 1675 legitur
441 1626 482 1662 in
513 1625 729 1671 comoediis,
771 1638 807 1663 v.
841 1625 951 1663 Curc.
987 1627 1050 1663 64.
1104 1625 1197 1663 Cist.
1232 1627 1324 1664 391.
1374 1627 1489 1665 Most.
1524 1629 1617 1665 632.

134 1697 226 1733 898.
273 1694 374 1732 Rud.
401 1695 494 1731 778.
525 1695 644 1731 1330.
690 1693 847 1731 Trucul.
882 1695 975 1732 832.
1022 1694 1109 1732 Ter.
1134 1694 1290 1732 Phorm.
1324 1696 1425 1742 6443
1458 1697 1552 1734 item
1578 1697 1616 1734 C.

130 1762 329 1800 Gracchus
362 1775 423 1811 ap.
441 1761 612 1799 Gellium
637 1761 705 1809 XI,
742 1764 803 1808 10,
839 1764 873 1800 6.
921 1761 1176 1811 Significatur
1198 1764 1462 1812 AEgineticum
1493 1765 1616 1802 talen-

129 1835 231 1877 tum3
263 1844 354 1868 nam
385 1831 546 1880 antiqua
577 1831 644 1867 illa
667 1844 914 1869 nummorum
936 1832 1050 1878 ratio,
1086 1845 1203 1881 quam
1228 1833 1333 1882 apud
1358 1832 1617 1871 Athenienses

131 1903 353 1937 mutaverat
382 1898 514 1946 Solon,
553 1903 686 1936 tamen
717 1903 877 1949 propter
908 1901 1178 1937 commercium
1208 1900 1465 1938 finitimorum
1495 1915 1616 1951 popu-

130 1969 256 2005 lorum
294 1967 356 2005 vel
392 1971 484 2018 post
520 1967 635 2016 plura
675 1968 817 2005 saecula
857 1973 950 2005 nota
990 1972 1030 2004 et
1067 1969 1266 2006 interdum
1296 1974 1489 2019 usurpata
1519 1974 1615 2017 erat,

129 2049 166 2075 v.
194 2036 342 2086 Diphil.
378 2049 440 2085 ap.
472 2035 615 2073 Athen.
648 2036 713 2083 VI,
748 2038 826 2074 225
859 2036 883 2073 b
914 2037 961 2074 de
991 2037 1215 2074 macellario
1246 2039 1418 2087 pretium
1449 2040 1616 2089 piscium

131 2104 207 2142 sibi
237 2103 488 2154 pendendum
521 2104 571 2141 ad
600 2104 863 2154 AEgineticam
901 2107 1092 2142 rationem
1131 2109 1402 2156 computante,
1450 2108 1482 2144 si
1521 2108 1617 2156 quid

129 2172 372 2210 reddendum
403 2173 467 2220 sit,
499 2170 652 2210 Atticos
683 2186 859 2210 nummos
889 2173 1089 2211 reddente.
1136 2174 1368 2212 Rectissime
1392 2175 1615 2213 Priscianus

131 2241 179 2278 de
219 2241 304 2290 Fig.
336 2254 484 2278 numer.
517 2243 560 2288 2,
610 2243 680 2279 10:
731 2241 961 2289 „Talentum
1005 2242 1248 2279 Atheniense
1293 2257 1458 2293 parvum
1502 2245 1615 2280 minae

131 2310 344 2358 sexaginta,
369 2323 551 2359 magnum
577 2311 692 2346 minae
717 2311 916 2359 octoginta
938 2314 1018 2347 tres
1044 2314 1081 2347 et
1102 2312 1226 2348 unciae
1251 2309 1480 2360 quattuor“.
1528 2311 1613 2348 Vid.

131 2377 311 2414 Hultsch.
338 2375 587 2415 Griechische
620 2391 656 2415 u.
689 2378 878 2415 romische
908 2379 1143 2427 Metrologie
1173 2392 1210 2428 p.
1248 2381 1323 2417 139
1357 2393 1414 2428 sq.
1446 2383 1485 2416 et
1514 2380 1615 2416 infra

133 2445 183 2482 ad
220 2459 256 2483 v.
287 2445 382 2483 440.
417 2465 466 2470 -
501 2447 594 2483 302.
628 2443 716 2494 qui,
755 2447 779 2484 i.
813 2459 844 2484 e.
877 2460 952 2496 quo
982 2449 1132 2497 pretio,
1174 2448 1221 2486 cf.
1257 2449 1348 2485 369.
1393 2467 1440 2472 --
1483 2444 1612 2493 liberi,

132 2528 167 2552 v.
186 2527 305 2564 supra
320 2527 358 2562 p.
379 2514 472 2551 301.
489 2533 545 2538 —
563 2515 655 2551 303.
682 2515 728 2551 cf.
749 2516 813 2553 90.
833 2535 889 2540 —
906 2517 984 2553 304
1002 2529 1059 2565 sq.
1078 2516 1137 2553 bis
1162 2516 1276 2552 affert
1293 2515 1455 2561 Nonius,
1473 2528 1511 2564 p.
1535 2517 1607 2552 151

131 2595 209 2631 sq.:
247 2578 560 2631 „Proeseymina
583 2585 744 2632 proprie
761 2582 923 2621 Plautus
939 2585 979 2621 in
995 2584 1200 2621 Aulularia
1216 2597 1261 2620 ea
1278 2583 1354 2619 dici
1371 2583 1507 2629 voluit,
1528 2596 1613 2632 quae

131 2649 325 2699 unguibus
353 2650 534 2687 eminulis
567 2654 853 2700 praesecantur:
891 2653 1009 2701 „quin
1041 2654 1125 2701 ipse
1156 2651 1313 2700 quidem
1344 2654 1482 2687 tonsor
1511 2649 1609 2688 etc.“

133 2721 171 2754 et
199 2731 237 2767 p.
272 2719 372 2755 273:
410 2720 530 2767 „quin
560 2720 643 2768 ipse
674 2719 826 2769 pridem
859 2719 975 2757 etc.“.
1034 2717 1118 2767 ipsi
1148 2723 1253 2755 recte
1284 2718 1395 2754 codd.
1428 2718 1611 2756 Plautini.

133 2784 310 2833 Seyffert.
341 2787 382 2823 in
405 2786 594 2836 Philolog.
618 2787 741 2833 XXV,
773 2801 811 2836 p.
830 2788 909 2825 442
946 2788 1071 2834 „Quin
1099 2800 1213 2835 quom
1240 2788 1339 2835 ipss*
1367 2786 1613 2823 scribendum

1302 2863 1346 2894 20
