1854 3188
153 187 214 232 IV,
227 188 261 232 9,
283 187 418 222 46—58
800 185 1013 222 Bacchides.
1570 194 1617 232 12
1625 194 1647 231 3

151 313 269 364 Quos
301 312 405 355 dare
437 325 482 355 se
514 311 727 367 promisit,
762 311 895 355 dabit.
1082 341 1084 343 »
1581 328 1647 362 965

148 384 274 427 Nunc
303 384 452 427 alteris
483 385 616 426 etiam
648 384 844 426 ducentis
875 398 979 426 usus
1011 388 1090 437 est,
1124 385 1197 439 qui
1229 386 1533 441 dispensentur

149 456 229 499 Ilio
261 439 402 511 capto,
433 460 482 499 ut
512 457 568 498 sit
598 456 795 508 mulsum,
828 457 902 510 qui
933 456 1202 511 triumphent
1234 459 1403 500 milites.

149 528 234 571 Sed
249 528 447 570 Priamus
473 528 544 570 hic
570 529 708 570 multo
731 528 794 570 illi
819 532 1036 583 praestat3
1068 543 1154 571 non
1171 530 1490 585 quinquaginta
1506 533 1645 575 modo.

149 599 498 655 Quadringentos
529 599 641 642 filios
673 600 806 642 habet
837 604 969 656 atque
1001 601 1200 654 equidem
1232 602 1368 644 omnis
1391 603 1528 646 lectos
1555 606 1643 647 sine

1101 673 1285 727 probro;

149 743 238 785 Eos
270 756 348 797 ego
379 743 507 787 hodie
540 745 677 787 omnis
709 744 1005 786 contruncabo
1039 744 1209 787 duobus
1241 746 1342 788 solis
1372 747 1542 790 ictibus.
1578 761 1645 795 970

147 814 273 857 Nunc
289 816 461 859 Priamo
478 820 627 858 nostro
646 817 682 858 si
700 820 766 858 est
792 817 887 870 quis
912 820 1092 871 emptor,
1118 818 1473 872 coemptionalem
1501 835 1643 863 senem

144 886 343 929 Uendam
375 901 466 942 ego,
498 889 696 930 uenalem
728 902 853 942 quem
887 888 1041 941 habeo,
1084 891 1299 944 extemplo
1331 891 1405 932 ubi
1437 893 1643 947 oppidum

1099 975 1421 1016 expugnauero.

145 1029 230 1073 Sed
259 1030 480 1074 Priamum
512 1031 761 1074 adstantem
800 1047 949 1074 eccum
989 1037 1089 1075 ante
1128 1039 1300 1087 portam
1330 1035 1477 1088 111ᾰοος
1512 1038 1640 1080 adibo

1097 1110 1231 1159 atque
1263 1106 1491 1162 adloquar.

475 1308 674 1352 NICOB
685 1308 761 1352 UL
772 1309 856 1352 US.
924 1309 1046 1352 CHR
1057 1309 1211 1352 YSAL
1223 1311 1305 1354 US.

738 1412 1037 1455 Nicobulus

143 1480 385 1532 Quoianam
415 1497 500 1525 uox
532 1497 666 1538 prope
698 1498 766 1526 me
797 1485 953 1526 sonat?

744 1571 1030 1627 Chrysalus

1018 1643 1052 1686 Ο
1084 1644 1306 1698 Ν100111110,
1338 1649 1440 1700 quid
1472 1649 1547 1692 fit?

739 1715 1042 1758 Nicobulus

143 1782 268 1835 Quid,
301 1785 418 1839 quod
447 1790 491 1828 te
524 1787 619 1828 misi
633 1788 651 1828 Ῥ
685 1788 840 1841 ecquid
873 1789 1028 1842 egisti?

743 1873 1036 1930 Chrysalus

947 1948 1121 2000 Rogas‘?
1183 1949 1466 2003 Congredere.

735 2032 773 2074 N
785 2033 902 2075 icob
915 2034 1036 2076 ulus

1346 2109 1543 2152 Gradior.
1571 2124 1641 2157 975

741 2175 1041 2231 Chrysalus

141 2244 356 2300 Optumus
373 2261 466 2289 sum
484 2252 650 2300 orator3
683 2249 739 2290 ad
762 2248 975 2291 lacrumas
1001 2251 1122 2305 coegi
1147 2251 1363 2295 hominem
1381 2255 1635 2307 castigando

138 2317 337 2371 Maleque
369 2318 508 2372 dictis,
543 2334 653 2374 quae
687 2320 860 2374 quidem
892 2322 1012 2374 quiui
1046 2325 1311 2367 conminisci.

738 2403 1034 2448 Nicobulus

1260 2478 1372 2528 Quid
1405 2480 1497 2521 aits)

227 2658 294 2692 966
319 2657 552 2703 dispensetur
579 2660 608 2696 G
705 2662 767 2695 971
796 2662 1083 2706 comptionalem
1107 2661 1153 2705 B,
1181 2663 1417 2707 comptialem
1445 2664 1473 2697 C
1567 2665 1633 2698 972

135 2712 279 2748 habebo
303 2713 333 2749 G
428 2717 494 2750 973
520 2716 690 2752 adstante
715 2729 861 2753 mecum
884 2718 912 2754 C
1015 2719 1150 2754 uidebo
1169 2719 1196 2753 C
1290 2719 1434 2754 Titulus
1460 2725 1541 2755 ante
1566 2722 1634 2755 074

136 2779 201 2805 om.
273 2772 340 2805 974
364 2782 416 2816 sq.
444 2772 506 2808 NI.
532 2772 626 2817 Quid
650 2773 716 2808 fit?
743 2774 837 2818 Quid
926 2777 992 2811 975
1015 2777 1107 2811 haec
1133 2776 1221 2819 quid¹
1249 2775 1278 2810 C
1350 2777 1572 2821 congredior
1598 2776 1633 2811 B
