1897 3171
787 187 827 221 V.
856 189 1000 222 37—64.
1559 192 1637 230 379

92 324 93 327 ’
142 316 283 353 iisdem
320 316 448 353 verbis
486 317 684 355 laudatur.
745 317 881 353 Altera
922 330 1056 353 versus
1099 330 1189 365 pars
1228 318 1331 353 iusto
1374 318 1527 367 longior
1560 323 1633 356 est.

146 383 308 420 Guietus
354 381 442 421 alas
488 373 663 432 delebat,
719 385 831 435 prob.
873 384 1093 434 Spengelio,
1136 384 1263 421 Plaut.
1305 398 1340 433 p.
1386 387 1477 423 208.
1553 385 1635 435 Ego

143 451 355 488 Ritschelio
385 453 517 501 potius
549 453 684 499 credo,
723 449 837 500 perii
877 455 1106 500 corruptum
1147 465 1250 498 esse,
1298 466 1387 489 nam
1418 458 1460 489 ut
1498 455 1631 502 „pei-i‘*

144 519 311 568 legatur,
344 520 447 568 quod
478 521 602 557 voluit
632 521 884 566 Fleckeiseu„
918 519 1055 557 Exere.
1090 520 1217 557 Plaut.
1248 534 1284 568 p.
1316 522 1378 565 26,
1416 533 1515 569 aegre
1548 535 1634 569 per-

148 588 338 624 suadetur
354 588 462 626 mihi.
509 589 553 625 R.
578 587 747 638 „prope“
770 589 915 634 edidit3
949 587 1130 637 equidem
1148 586 1187 625 Si
1206 588 1337 624 malui.
1356 607 1411 612 —
1431 591 1492 626 5l.
1526 586 1636 628 Bac*-

145 651 242 699 chis,
275 652 463 703 bamba&
498 656 599 693 ludit
622 658 661 693 in
688 656 946 694 similitudine
972 657 1183 702 nominum,
1217 662 1261 692 ut
1286 669 1322 693 v.
1345 657 1435 693 368.
1476 657 1635 694 Bac-chae

142 724 326 760 mulieres
358 729 470 762 erant
501 725 689 761 Bacchico
736 724 868 762 furore
917 728 1129 773 correptae,
1179 737 1284 772 quae,
1331 728 1375 761 ut
1414 725 1454 760 in
1495 725 1635 762 fabulis

149 791 365 829 Pentheum
398 793 610 830 dilaniasse
640 792 884 839 ferebantur,
917 795 972 829 ita
1004 794 1043 828 in
1076 793 1213 841 orgiis,
1255 805 1339 841 quae
1372 793 1633 840 celebrabant,

148 873 286 908 capras
329 864 368 897 et
400 860 559 909 siquid
598 860 703 897 aliud
742 860 930 907 libuerat,
974 860 1146 897 lacerare
1187 865 1225 897 et
1265 874 1404 910 rapere
1444 862 1635 909 solebant,

147 928 192 964 cf.
226 927 354 965 Casin.
396 929 478 966 900
521 941 603 977 sqq.
644 928 773 965 Plauti
820 933 950 965 autem
996 929 1241 978 temporibus
1288 929 1421 966 Romae
1467 935 1505 966 et
1549 934 1635 967 tota

143 995 259 1032 Italia
296 1008 366 1045 per
404 997 519 1033 initia
558 1000 598 1032 et
643 1000 839 1034 nocturna
879 1010 988 1033 sacra
1025 998 1135 1033 varia
1172 996 1457 1046 perpetrabant
1488 997 1634 1046 flagitia

143 1076 214 1100 nec
253 1077 276 1100 a
315 1068 451 1113 stupro
490 1077 560 1101 nec
592 1078 613 1100 a
654 1065 756 1101 caede
796 1065 1051 1101 abstinentes.
1128 1064 1220 1110 Quae
1259 1079 1321 1101 res
1361 1079 1479 1114 quum
1518 1066 1635 1103 latius

144 1135 340 1168 manasset
370 1135 409 1168 et
433 1132 556 1169 multa
580 1132 778 1169 hominum
805 1133 913 1169 milia
938 1133 1092 1169 initiata
1119 1137 1261 1179 essent,
1294 1134 1452 1170 tandem
1479 1138 1635 1171 senatus

146 1191 347 1236 Romasnus
377 1200 440 1236 vel
470 1203 620 1236 terrore
652 1201 713 1237 vel
745 1201 981 1248 indignitate
1019 1203 1076 1237 rei
1109 1202 1312 1250 perculsus
1345 1216 1445 1239 anno
1478 1216 1510 1239 a.
1545 1202 1633 1240 Chr.

147 1267 224 1304 186
278 1267 538 1305 Bacchanalia
599 1268 777 1306 tollenda
832 1271 979 1306 censuit
1035 1274 1073 1306 et
1126 1270 1259 1306 multis
1314 1271 1471 1319 capitali
1522 1284 1633 1320 poena

147 1335 296 1372 affectis
327 1349 408 1372 rem
439 1338 641 1386 repressit.
692 1337 768 1374 Res
800 1350 847 1374 ex
877 1337 990 1374 Livio
1027 1336 1226 1384 (XXXIX,
1261 1339 1282 1374 8
1315 1336 1418 1387 sqq.)
1450 1342 1545 1376 nota
1578 1342 1635 1375 est

141 1407 183 1439 et
215 1417 262 1440 ex
293 1417 416 1441 aenea
444 1405 511 1441 illa
542 1405 685 1451 tabula,
727 1419 803 1455 qua
834 1405 901 1443 SC.
935 1407 1050 1443 sociis
1083 1407 1120 1442 in
1154 1418 1246 1453 agro
1279 1406 1457 1443 Teurano
1490 1419 1634 1456 propo·

143 1472 262 1508 situm
293 1472 368 1509 fuit
402 1471 459 1519 (C.
486 1473 514 1510 I.
542 1473 585 1510 L.
612 1474 638 1519 I,
677 1475 786 1521 196).
819 1494 875 1498 —
909 1476 971 1511 52.
1024 1471 1134 1523 Quid
1165 1475 1227 1511 esf
1256 1472 1374 1523 quod,
1408 1474 1528 1512 Gron.
1562 1488 1632 1512 em.

143 1559 200 1563 —
236 1537 459 1588 malitiam,
507 1541 599 1578 mali
639 1542 786 1590 aliquid
827 1546 894 1578 aut
931 1547 1067 1591 turpe3
1122 1542 1334 1579 Lambinus
1377 1541 1629 1589 „malaciam⁴'

146 1607 380 1655 corrigebat,
405 1621 543 1657 parum
568 1613 746 1659 apte.—-
766 1611 829 1646 53.
862 1607 1064 1656 inlectmn,
1099 1610 1288 1646 illiciendi
1319 1612 1527 1656 rationem,
1560 1623 1635 1647 vox

143 1684 166 1711 a
197 1675 337 1712 Plauto
369 1675 471 1722 ficta,
504 1681 549 1714 ut
578 1679 618 1714 in
651 1678 909 1714 similitudine
941 1679 1034 1714 lecti
1066 1678 1232 1714 luderet.
1264 1697 1318 1701 —
1350 1676 1458 1715 mala
1493 1675 1632 1725 bestia,

143 1743 191 1780 cf.
225 1743 349 1781 Catul.
385 1745 455 1791 69,
491 1746 526 1782 7.
595 1745 825 1795 Serpentem
857 1746 1020 1783 Plautus
1052 1746 1160 1783 Asin.
1196 1747 1274 1783 688
1315 1751 1635 1796 „proserpentem

142 1810 335 1849 bestiam“
371 1813 598 1862 appellavit.
635 1834 682 1838 —-
721 1815 783 1851 54.
831 1811 924 1851 huie
955 1812 1080 1852 aetati
1133 1814 1410 1851 adulescentiae
1442 1828 1547 1852 meae.
1580 1834 1634 1838 -—

146 1875 376 1918 latebrosus
408 1877 538 1928 locus,
571 1882 707 1929 lustra,
742 1882 787 1919 cf.
821 1883 915 1919 427.
950 1902 997 1907 —
1045 1885 1106 1919 55.
1149 1879 1352 1931 quidquid
1382 1882 1512 1920 GertZ.
1547 1896 1632 1929 em.,

143 1947 295 1986 Camer.
333 1950 390 1996 „si
424 1948 542 1999 quid“
577 1951 807 1999 scripserat3
854 1950 911 1988 Fl.
950 1964 1021 1997 „ne
1063 1951 1157 1999 quid
1198 1951 1316 1987 stulte
1354 1950 1484 1987 facere
1522 1964 1634 1988 oceu-

142 2013 269 2065 pias“.
330 2017 373 2054 In
400 2017 513 2055 codd.
540 2020 743 2068 proximus
770 2019 923 2055 demum
956 2033 1089 2056 versus
1120 2019 1305 2056 Bacchidi
1336 2019 1538 2065 tribuitur,
1573 2020 1634 2057 hic

142 2083 382 2133 Pistocler0;
414 2086 637 2124 emendavit
661 2087 737 2123 iam
766 2086 994 2124 Saracenus.
1023 2107 1070 2112 —
1103 2088 1263 2125 59—61
1299 2087 1329 2123 Β
1348 2087 1497 2124 duabus
1523 2087 1635 2124 lineis

142 2152 311 2202 scriptos
341 2153 471 2190 habet.
532 2150 618 2202 ille,
659 2155 785 2191 miles.
846 2155 941 2191 Mox
982 2153 1164 2193 medesse
1198 2155 1225 2193 C
1256 2155 1303 2193 D.
1335 2175 1391 2181 —
1423 2157 1486 2193 62.
1536 2156 1634 2193 Con-

141 2221 285 2257 victum
325 2223 544 2258 meretricis
585 2223 760 2259 aculeum
800 2223 946 2260 habere
987 2223 1100 2270 dicit⁷
1148 2237 1313 2274 eumque
1353 2238 1438 2261 cum
1477 2224 1634 2261 stimulo

143 2293 363 2337 comparat,
398 2303 474 2338 quo
508 2290 714 2327 fodiuntur
746 2291 873 2337 boves,
914 2295 959 2328 ut
990 2292 1256 2341 impellantur.
1282 2313 1337 2317 ——
1360 2289 1632 2338 dsisffimzdmlt,

141 2356 214 2393 hoc
236 2370 315 2394 uno
338 2357 426 2394 loco
453 2361 580 2404 extat,
614 2358 770 2396 videtur
795 2358 1014 2406 significare
1045 2360 1225 2406 „stimulo
1258 2359 1490 2410 dissipare‘·.
1539 2361 1633 2397 Post

140 2424 242 2461 hunc
273 2437 440 2471 versum,
473 2426 642 2463 fortasse
674 2428 815 2464 omissa
847 2428 1036 2473 columna,
1071 2442 1203 2465 errore
1228 2430 1395 2478 scriptus
1422 2432 1479 2464 est
1505 2442 1538 2465 v.
1568 2430 1631 2473 71,

141 2504 231 2529 mox
254 2505 325 2529 suo
355 2493 440 2530 loco
471 2494 638 2532 rediens.
694 2494 878 2532 Errorem
912 2496 1046 2533 codice
1072 2496 1102 2533 B
1129 2498 1386 2545 antiquiorem
1412 2509 1507 2532 esse.
1542 2495 1634 2533 inde

142 2564 324 2609 apparet,
365 2561 471 2610 quod
512 2564 623 2611 prior
654 2563 768 2600 huius
799 2576 936 2600 versus
966 2577 1057 2613 pars
1090 2577 1174 2600 eum
1206 2578 1241 2600 v.
1278 2565 1326 2600 62
1368 2565 1631 2611 coniungitur.

138 2647 197 2652 --
229 2629 293 2665 63.
345 2625 456 2677 Quid
495 2626 545 2667 αἶ)
583 2627 657 2669 hac
692 2628 880 2669 metuis?
937 2632 1111 2669 Alterius
1152 2631 1356 2668 Bacchidis
1395 2632 1476 2668 haec
1515 2632 1633 2668 verba

140 2699 233 2733 sunt
255 2698 379 2733 sorori
403 2697 684 2737 subvenientis,
731 2699 790 2736 Ex
816 2713 994 2748 personae
1021 2706 1113 2737 nota
1132 2698 1197 2745 (Ε)
1227 2706 1354 2736 ortum
1382 2703 1439 2735 est
1462 2695 1522 2736 E!
1547 2699 1632 2736 cod.

140 2763 183 2801 Β.
218 2783 267 2788 -
308 2762 550 2803 adulescens
580 2763 717 2814 homo,
765 2774 917 2817 transp.
952 2768 1065 2804 Both.
1105 2787 1160 2791 —
1201 2768 1267 2804 64.
1318 2763 1530 2804 Penez‘rem
1572 2777 1634 2804 mc
