1897 3171
275 197 356 236 430
913 193 1127 229 Bacchides.

275 321 474 368 convenit,
529 321 634 370 quod
678 323 907 372 respirantis
960 325 999 359 et
1051 322 1259 370 gaudentis
1304 325 1381 368 est,
1435 336 1470 360 v.
1514 322 1625 361 Cure.
1671 324 1761 360 131.

276 389 434 426 Trucul.
475 388 574 426 365:
641 389 745 436 „Ah,
792 391 995 439 aspersisti
1034 386 1215 439 aquam“.
1286 389 1369 435 Quo
1414 391 1600 428 restituto
1647 391 1764 428 etiam

276 457 427 494 numeri
450 458 729 495 restituuntur.
785 458 829 495 R.
847 458 1070 495 Acidalium
1095 460 1252 494 secutus
1280 455 1411 505 „rem“
1441 458 1596 505 delevit,
1630 458 1762 496 Herm.

279 522 428 573 „uaha“
464 524 643 574 scripsit,
695 522 849 572 „salus“
884 528 1014 562 autem
1052 526 1093 562 in
1123 526 1345 575 proximum
1377 539 1532 563 versum
1562 527 1767 564 transtulit

277 592 407 630 deleto
438 605 522 630 voc.
556 590 708 640 ‚,Mea“,
741 594 782 630 in
807 607 884 642 quo
907 593 1167 631 Ritschelium
1193 596 1420 642 sequentem
1450 593 1609 641 habuit3
1641 595 1763 641 male3

275 674 366 698 nam
395 657 510 698 Salus
538 670 626 699 mea
659 660 706 698 ab
738 674 830 698 sene
862 661 1086 710 appellatur
1117 660 1338 709 Chrysalus,
1370 664 1416 698 ut
1447 661 1547 699 Rud.
1582 662 1660 699 247
1693 662 1766 699 Pa-

275 729 408 765 laestra
451 728 572 778 „Spes
613 726 737 766 mea“.
784 748 839 754 —
885 730 977 766 875.
1025 726 1253 767 seruauisti
1298 729 1390 766 olim
1437 729 1585 767 editum
1630 742 1768 767 versus

277 810 404 834 causa.
436 816 491 822 -—
533 796 626 834 876.
669 796 878 844 Chrysalus
908 798 1019 845 prius
1050 797 1227 844 militem,
1260 800 1344 834 tum
1376 810 1506 834 senem
1538 797 1764 847 alloquitur.

276 884 332 890 —
363 866 456 902 878.
495 861 718 912 responde,
761 864 1007 902 haesitantem
1039 865 1222 915 impellit.
1257 884 1310 890 —
1352 866 1443 903 880.
1485 862 1585 915 quid
1615 865 1765 902 Camer.

277 952 332 957 —
364 934 457 971 882.
499 932 540 970 αὑ
569 932 770 969 Acidalius
804 946 888 980 em.‚
930 946 974 970 ac
1011 935 1067 971 sic
1096 933 1244 982 legerat
1272 932 1414 970 Festus
1444 947 1482 983 p.
1519 934 1616 981 161,
1662 932 1768 983 apud

279 1014 394 1050 quem
425 1000 541 1037 huius
572 1001 646 1037 loci
679 1000 808 1037 lacera
839 1001 1058 1048 fragmenta
1089 1004 1225 1037 extant

735 1099 742 1106 .
805 1068 966 1105 chedem
997 1068 1047 1105 ad
1077 1068 1154 1106 nob
1187 1099 1195 1106 .
1230 1099 1237 1106 .
1273 1099 1280 1106 .

735 1166 742 1173 .
803 1139 842 1173 te
873 1136 1036 1173 reddam
1066 1150 1092 1173 u
1125 1167 1132 1174 .
1167 1167 1174 1174 .
1209 1167 1217 1174 .

735 1234 742 1242 .
804 1218 886 1242 rem
917 1205 1086 1242 soricina
1117 1235 1124 1242 .
1160 1235 1167 1242 .
1202 1234 1231 1252 .,
1264 1205 1288 1243 i.
1321 1219 1352 1243 e.

550 1272 590 1309 Si
621 1271 693 1310 tibi
725 1270 945 1319 ma]chaera
977 1276 1046 1319 est,
1081 1276 1120 1309 at
1150 1273 1264 1310 nobis
1297 1303 1305 1310 .
1339 1304 1346 1311 .
1381 1303 1388 1311 .

551 1339 635 1386 Qua
666 1338 842 1389 quidem]
855 1343 893 1377 te
924 1340 1098 1388 reddam,
1131 1341 1198 1378 ubi
1229 1344 1273 1379 tu
1306 1371 1314 1379 .
1346 1370 1355 1379 .
1391 1371 1398 1378 .

552 1406 774 1455 Confossio]
789 1422 871 1445 rem
904 1410 1074 1446 soricina
1107 1439 1114 1446 .
1149 1439 1156 1446 .
1191 1439 1198 1446 .

276 1475 322 1513 R.
360 1475 473 1522 „Tibi
504 1476 575 1513 sist
614 1474 856 1523 machaera“;
903 1477 935 1513 si
975 1476 1179 1514 offendunt
1219 1477 1390 1524 numeri,
1437 1477 1569 1514 malim
1608 1476 1771 1514 verbum

280 1543 568 1581 substantivum
599 1545 795 1582 omittere.
842 1564 897 1569 -—
942 1542 1134 1592 Uermina,
1182 1545 1206 1582 i.
1241 1559 1273 1583 e.
1305 1559 1422 1593 ueru,
1468 1548 1573 1582 recte
1603 1545 1771 1594 Pylades

279 1611 473 1649 invenisse
511 1612 682 1649 videtur.
724 1632 778 1638 --
819 1611 912 1651 884.
960 1610 1140 1652 soricina
1176 1610 1299 1651 nenia
1339 1616 1398 1651 est
1438 1613 1598 1651 eiulatio
1636 1614 1773 1650 soricis

279 1679 481 1729 deprensi,
525 1693 603 1729 qua
634 1681 731 1718 nihil
766 1681 893 1718 audiri
924 1685 1056 1731 potest
1088 1682 1266 1719 miserius
1297 1681 1378 1728 vel,
1421 1685 1465 1718 ut
1494 1681 1625 1718 Plauti
1657 1684 1772 1718 aetate

279 1748 423 1797 aliquis
464 1748 639 1795 dixerat,
682 1745 937 1797 confossz‘u83
980 1764 1069 1787 nam
1108 1750 1216 1787 facili
1246 1749 1454 1799 hypallage
1482 1763 1560 1787 vox
1591 1749 1772 1786 animalis

277 1819 358 1853 tam
389 1819 505 1853 acuta
535 1819 696 1867 tamque
728 1821 938 1866 penetrans
971 1820 1010 1854 et
1042 1820 1127 1867 ipsa
1159 1817 1336 1855 confossa
1374 1817 1532 1855 dicitur.
1594 1817 1773 1855 Comicus

278 1897 413 1921 servus
431 1884 472 1921 id
492 1888 676 1932 sectatur,
705 1885 810 1934 quod
828 1898 940 1923 nemo
967 1889 1160 1936 expectat.
1180 1906 1234 1911 —-
1252 1887 1344 1923 888.
1376 1885 1637 1922 Numerorum
1656 1898 1772 1922 causa

276 1951 451 1999 Guietus,
485 1952 631 1999 Herm.,
665 1953 710 1990 R.
729 1956 899 2003 transp.:
938 1953 1059 2003 „Spes
1090 1951 1293 2000 Latona“;
1327 1966 1563 2003 quamquam
1595 1953 1692 2003 Spes
1723 1952 1770 1990 ab

278 2019 361 2069 Ope
393 2020 538 2057 develli
569 2021 634 2056 vix
667 2020 795 2058 debet.
857 2021 1042 2059 Fortasse
1073 2017 1180 2060 Lato
1211 2022 1305 2069 fuit,
1344 2025 1389 2058 ut
1418 2021 1542 2058 Varro
1575 2035 1637 2071 ap.
1669 2020 1770 2058 Geli.

276 2087 384 2135 XIII,
414 2089 476 2134 23,
497 2089 540 2124 4:
579 2088 658 2134 „Te
689 2089 807 2126 Anna
838 2103 880 2126 ac
912 2089 1101 2139 Peranna,
1133 2090 1270 2127 Panda
1295 2092 1347 2136 te,
1381 2089 1496 2136 Lato,
1528 2087 1684 2127 Pales“.
1715 2108 1772 2114 --

281 2151 385 2204 Opis
421 2158 529 2193 recte
568 2155 616 2202 C,
663 2155 768 2194 Fest.
800 2156 874 2206 Ep.
906 2171 943 2208 p.
982 2159 1080 2196 187:
1135 2158 1253 2207 „Opis
1293 2157 1399 2194 dicta
1436 2160 1494 2195 est
1535 2159 1675 2195 coniux
1705 2157 1770 2195 Sa-

276 2225 384 2261 turni
417 2221 514 2261 etc.“
549 2243 604 2249 -—
638 2224 731 2262 889.
773 2221 975 2264 Polluce-5².
1023 2226 1147 2263 Varro
1178 2226 1223 2264 L.
1256 2225 1300 2272 L,
1333 2225 1379 2272 V,
1413 2227 1485 2262 73:
1522 2226 1586 2273 „in
1616 2225 1771 2263 Latinis

275 2292 421 2329 litteris
452 2291 655 2329 veteribus
687 2292 918 2330 inscribitur
950 2324 958 2332 .
979 2325 985 2332 .
1007 2326 1014 2333 .
1048 2294 1238 2341 Polluces,
1270 2306 1348 2330 non
1378 2296 1422 2331 ut
1452 2307 1556 2331 nunc
1586 2291 1769 2332 Pollux“.

276 2359 506 2398 POLOCES
537 2363 595 2396 est
624 2361 666 2396 in
704 2361 863 2410 specula
893 2361 1154 2408 Praenestina,
1203 2361 1363 2399 Mulleri
1393 2361 1559 2398 Denkm.
1593 2375 1626 2399 a.
1659 2361 1707 2398 K.
1739 2361 1768 2408 I,

275 2442 312 2465 n.
347 2429 439 2466 310.
501 2427 616 2477 Corp.
656 2427 777 2465 Inscr.
810 2428 900 2466 Lat.
936 2429 973 2476 I,
1017 2431 1080 2467 55.
1122 2450 1178 2455 —-
1227 2431 1321 2467 890.
1371 2425 1626 2467 Summanus
1663 2432 1769 2466 recte

275 2495 463 2532 scribitur
493 2494 605 2533 Cure.
639 2496 718 2533 413
752 2509 838 2546 sqq.
876 2496 980 2543 „Sub
1012 2495 1173 2534 manus“
1208 2497 1335 2535 forma
1364 2510 1496 2546 pravae
1526 2497 1771 2546 grammatici

275 2563 439 2600 alicuius
468 2563 654 2601 doctrinae
680 2563 857 2602 debetur.
918 2564 1022 2601 Deus
1048 2568 1107 2602 est
1133 2566 1320 2614 antiquus
1351 2565 1626 2611 Romanorum,
1661 2565 1769 2601 cuius

273 2631 379 2668 inter
417 2634 569 2669 ceteros
608 2632 861 2670 simulacrum
890 2632 1011 2669 fictile
1042 2632 1117 2670 fuit
1148 2634 1188 2670 in
1220 2634 1381 2683 fastigio
1415 2633 1508 2670 aedis
1541 2632 1766 2682 Capitolini,

273 2711 309 2736 v.
342 2698 418 2737 Cic.
458 2699 587 2738 Divin.
618 2699 655 2747 I,
679 2701 761 2747 ⁴10.
836 2701 880 2738 T.
919 2700 1079 2737 Tatium
1122 2713 1230 2738 aram
1270 2701 1470 2738 dedicasse
1509 2700 1683 2737 Vulcano
1728 2703 1769 2736 et

274 2765 483 2805 Summano
520 2770 690 2805 testatur
726 2768 853 2806 Varro
894 2767 939 2805 L.
971 2768 1016 2806 L.
1048 2768 1101 2815 V,
1135 2769 1201 2805 74.
1276 2768 1440 2806 Vulcani
1487 2771 1528 2805 et
1566 2768 1767 2805 Summani
