1897 3171
254 184 336 223 254
930 178 1052 213 Plauti
1485 177 1526 221 V,
1542 180 1571 219 1,
1588 179 1604 211 1
1618 197 1662 203 —
1676 179 1706 218 2,
1720 179 1742 212 3

675 382 985 426 PARASITUS
1019 382 1318 426 CURCULIO.

254 508 489 561 Antiquom
519 512 696 563 poetam
727 508 877 550 audiui
908 508 1133 562 scripsisse
1164 508 1209 549 in
1238 507 1477 560 tragoedia,

253 580 455 622 Mulieres
490 580 597 622 duas
628 581 797 634 peiores
830 594 924 622 esse
958 594 1085 633 quam
1116 593 1258 621 unam.
1319 579 1403 621 Res
1434 579 1558 631 itast3

252 652 415 694 Uerum
446 652 669 694 mulierem
699 652 908 706 peiorem,
948 665 1078 704 quam
1119 651 1224 692 haee
1257 651 1439 693 amicast
1467 650 1740 702 Phaedromi,

252 723 350 766 Non
381 724 470 766 uidi
501 738 641 778 neque
673 723 835 774 audiui,
867 737 1007 778 neque
1039 723 1112 777 pol
1145 723 1229 764 dici
1259 736 1338 764 nec
1370 721 1473 776 fingi
1505 726 1651 776 potest

251 796 389 848 Peior,
421 810 549 850 quam
579 795 687 837 haec
719 799 795 843 est,
828 809 952 848 quae,
984 794 1058 836 ubi
1090 809 1154 835 me
1186 794 1347 836 habere
1377 793 1490 835 huno
1523 793 1745 848 conspica-

1203 870 1291 908 tast
1323 865 1514 916 anulum,
1677 875 1743 909 595

252 941 404 994 Rogat,
436 939 548 981 unde
578 938 776 989 habeam.
841 938 979 990 7,Quid
1010 938 1055 979 id
1086 943 1132 980 tu
1164 938 1388 991 quae1·is?“
1469 936 1606 987 „Quia
1637 935 1742 978 mihi

1205 1010 1445 1064 quaesitost
1479 1009 1627 1062 opus.“

253 1083 373 1137 Nego
394 1098 458 1125 me
478 1082 632 1125 dicere.
681 1082 736 1124 Ut
762 1096 859 1123 eum
877 1082 1075 1136 eriperet,
1108 1095 1281 1123 manum
1307 1081 1490 1135 arripuit
1508 1079 1741 1132 mordicus;

253 1154 337 1196 Uix
384 1154 501 1197 foras
540 1168 608 1197 me
650 1154 822 1208 abripui
863 1157 992 1206 atque
1033 1153 1183 1207 ecfugi.
1266 1155 1412 1208 Apage
1451 1153 1589 1194 istanc
1627 1152 1744 1193 oani-

1207 1225 1358 1267 culam.

296 1483 631 1526 PLANESIUM.
693 1481 1092 1525 PHAEDROMUS.
1156 1480 1457 1524 CURCULIO.
1519 1480 1704 1524 MILES.

846 1615 878 1656 P
890 1615 940 1657 la
949 1629 976 1656 u
990 1629 1011 1657 e
1025 1615 1106 1657 siu
1116 1630 1158 1656 m

252 1689 523 1732 Phaedrome
554 1689 624 1743 mi,
659 1701 856 1742 propera.

818 1781 850 1822 P
860 1781 888 1823 h
899 1795 924 1823 a
936 1796 957 1823 e
970 1781 996 1822 d
1006 1796 1027 1823 r
1037 1795 1060 1823 o
1070 1796 1150 1823 mu
1161 1795 1179 1824 s

816 1853 928 1903 Quid
963 1854 1219 1907 properem?

847 1959 1151 2001 Planesium

1174 2030 1419 2072 Parasitum
1450 2044 1502 2072 ne
1534 2029 1744 2072 amiseris.

253 2104 413 2159 Magna
443 2118 511 2146 res
543 2108 620 2145 est.

816 2189 849 2230 P
859 2190 889 2232 h
900 2204 925 2232 a
936 2204 956 2232 e
972 2190 998 2231 d
1008 2203 1064 2232 ro
1075 2204 1116 2231 m
1125 2203 1154 2231 u
1168 2204 1187 2231 s

345 2261 519 2304 Nullast
549 2261 673 2314 mihi3
704 2274 816 2312 nam,
850 2276 979 2315 quam
1009 2262 1154 2313 habui,
1187 2260 1409 2316 absumpsi
1441 2260 1653 2304 celeriter.
1679 2271 1747 2306 600

844 2370 1004 2413 Plane
1019 2371 1153 2412 sium

257 2443 412 2487 Teneo.

820 2529 1185 2572 Phaedromus

448 2601 562 2653 Quid
591 2602 808 2656 negotist?

347 2756 412 2790 595
436 2755 522 2790 med
545 2755 644 2790 hunc
667 2754 805 2790 habere
898 2756 963 2789 598
990 2754 1130 2799 arripui
1224 2756 1289 2790 599
1312 2755 1363 2790 mi
1388 2764 1453 2790 om.
