1897 3171
235 210 318 249 404
878 202 1091 238 Bacchides.

233 333 378 381 modi“,
411 335 479 371 alii
509 337 547 370 et
569 333 736 370 Lorenz.
761 334 801 370 in
824 332 968 370 Philol.
992 332 1152 379 XXXV,
1184 346 1221 381 p.
1254 333 1353 369 177:
1390 329 1720 382 „quoiuismodi“‚

235 416 400 454 quorum
431 406 612 439 neutrum
649 401 843 450 intelligo.
911 400 1196 449 Amplectenda
1226 400 1381 437 videtur
1411 404 1478 437 aut
1508 400 1722 438 Camerarii

235 472 429 520 scriptura
477 467 542 515 (de
587 470 731 506 omissa
769 468 1044 515 interrogandi
1081 468 1276 516 particula
1315 468 1360 506 cf.
1394 468 1444 505 ad
1483 469 1589 506 Asin.
1623 466 1721 515 462)

236 543 323 586 aut,
372 552 448 588 quo
490 539 616 574 minus
657 537 704 573 de
744 537 937 573 sententia
977 536 1198 573 dubitetur:
1250 536 1398 582 „malus
1439 536 1614 573 bonusne
1656 540 1723 573 aut

236 604 524 656 quoiusinodi“.
607 605 792 642 Proximo
848 607 976 641 autem
1021 617 1137 640 versu
1181 604 1296 641 facile
1336 617 1460 641 careo.
1546 602 1585 640 Si
1632 616 1725 641 vere

234 675 440 712 Plautinus
473 677 540 720 est,
573 673 702 710 labem
733 674 940 718 contraxit,
973 685 1063 708 nam
1093 669 1329 709 commodus
1352 669 1634 710 incommodus
1659 668 1721 720 (C)

234 747 365 780 versui
381 745 597 792 repugnat3
631 737 1002 779 commcommodus
1028 738 1091 787 (B)
1120 745 1264 786 autem,
1290 740 1394 789 quod
1419 740 1562 788 Bergk.
1580 740 1723 778 Philol.

235 811 359 857 XVII,
390 824 429 860 p.
460 812 514 848 -53
547 808 813 854 commendat,
857 810 970 857 quasi
1001 821 1023 844 a
1054 809 1153 844 comi
1185 816 1223 844 et
1255 808 1502 845 incommodo
1535 809 1724 858 composi-

234 882 336 925 tum,
382 882 428 916 ut
468 880 509 916 in
547 891 625 915 uno
667 876 853 914 vocabulo
895 876 981 912 duae
1019 889 1081 913 res
1123 877 1328 913 contrariae
1370 877 1601 925 iungantur,
1648 890 1727 914 non

236 947 516 984 animadvertit
553 945 738 982 dilemma
775 944 836 980 hic
874 945 1063 993 proponi,
1105 957 1269 992 quorum
1310 944 1478 981 alterum
1509 943 1726 981 membrum

236 1016 401 1053 alterum
427 1014 612 1051 excludit.
660 1013 916 1058 Hei-mannus,
949 1011 994 1049 R.
1016 1011 1096 1049 FL:
1133 1013 1284 1058 „tristis
1302 1010 1567 1050 commodus“.
1599 1012 1724 1062 Bugg.

236 1086 277 1121 in
308 1083 503 1120 Tidskrift
533 1083 559 1120 f.
592 1081 789 1128 Philologi
821 1079 892 1126 VI,
932 1093 971 1129 p.
1010 1081 1027 1117 1
1062 1081 1289 1129 proposuit:
1342 1082 1485 1126 „comis
1516 1082 1726 1118 incommo-

237 1151 350 1198 dus‘⁴,
382 1152 553 1188 numeris
584 1163 721 1200 parum
754 1149 895 1196 gratis3
937 1147 1005 1185 sed
1035 1148 1135 1185 nihil
1164 1149 1302 1185 melius
1334 1148 1472 1196 habeo,
1506 1150 1552 1186 cf.
1578 1163 1613 1187 v.
1632 1150 1726 1187 408.

237 1241 290 1245 —
332 1221 424 1257 399.
456 1228 642 1264 seruom,
684 1217 776 1254 olim
809 1207 1069 1254 emendatum.
1107 1236 1162 1241 ——
1202 1218 1295 1254 401.
1342 1216 1398 1253 De
1436 1219 1563 1267 primo
1595 1231 1728 1256 versus

237 1288 335 1338 pede
365 1287 446 1325 vid.
478 1286 632 1335 Proleg.
664 1298 702 1334 p.
740 1284 830 1321 184.
891 1284 1040 1322 Ritsch.
1074 1285 1155 1322 ed.:
1193 1285 1298 1332 „Mei
1328 1291 1479 1334 patrem
1515 1286 1660 1323 sodalis
1693 1289 1730 1323 et

236 1358 482 1405 magistrum.
510 1354 700 1400 ausculto,
727 1367 843 1402 quam
862 1366 945 1389 rem
963 1351 1121 1401 agant“.
1162 1352 1242 1390 FL:
1274 1351 1376 1398 „Mei
1397 1383 1404 1390 .
1424 1384 1430 1391 .
1451 1384 1459 1390 .
1477 1356 1726 1401 magistrum:

238 1424 469 1463 auscultabo
501 1423 592 1460 hinc
623 1436 659 1472 q.
692 1435 722 1459 r.
758 1419 816 1458 a.“

355 1494 448 1530 402.
496 1491 629 1540 Lydus
660 1489 919 1527 Philoxenum
951 1488 1001 1525 ad
1031 1488 1236 1526 Bacchidis
1268 1489 1370 1526 aedes
1405 1488 1530 1537 ducit,
1578 1495 1622 1527 ut
1650 1491 1730 1528 suis

238 1561 362 1599 oculis
400 1560 472 1597 filii
511 1560 728 1608 nequitiam
761 1561 905 1594 cernat.
976 1555 1023 1593 Se
1063 1560 1315 1605 experturum
1355 1571 1436 1594 esse
1476 1559 1548 1605 ait,
1596 1562 1729 1596 utrum

233 1630 411 1680 graviter
450 1628 571 1664 irasci
611 1626 737 1676 possit
780 1638 927 1671 arnon,
977 1625 1023 1662 cf.
1063 1625 1152 1662 Aul.
1187 1626 1288 1663 460:
1341 1626 1421 1672 „ita
1459 1626 1553 1663 mihi
1592 1630 1729 1676 pectus

233 1693 453 1748 peracuit“.
514 1695 590 1733 Sed
626 1708 717 1741 „cor
748 1698 900 1730 acetum
932 1690 1039 1729 esse“
1075 1693 1237 1730 Plautus
1269 1693 1437 1731 scribere
1469 1708 1545 1732 non
1578 1696 1727 1744 potuit,

236 1765 339 1812 Quid
370 1765 506 1810 fuerit,
547 1762 722 1801 ostendit
763 1761 905 1798 Pseud.
940 1762 1041 1798 744:
1095 1760 1272 1811 „Ecquid
1312 1762 1425 1799 homo
1468 1763 1588 1799 habet
1627 1765 1729 1800 aceti

234 1836 276 1871 in
306 1831 492 1883 pectore?
525 1831 604 1869 CH.
638 1833 768 1880 Atque
794 1828 1048 1867 a‹:idissimi“.
1095 1829 1277 1866 Lambini
1305 1833 1529 1867 coniectura
1551 1828 1727 1877 „aceto“,

235 1915 351 1951 quam
396 1902 545 1950 recepit
581 1899 648 1942 R..
707 1912 727 1935 a
767 1898 952 1935 Plautina
998 1898 1251 1946 simplicitate
1298 1897 1494 1936 abhorret.
1586 1899 1728 1936 Veram

233 1972 338 2007 viam
385 1968 578 2006 Gruterus
623 1969 819 2016 ingressus
871 1964 1078 2015 „peracre“
1137 1966 1297 2014 scripsit
1350 1965 1419 2002 sed
1470 1965 1588 2016 „per‘³
1642 1979 1729 2004 cum

234 2038 443 2087 negatione
489 2038 740 2074 coniunctum
785 2035 966 2083 languet,
1016 2033 1062 2071 cf.
1102 2033 1191 2070 Aul.
1230 2034 1320 2070 179.
1398 2033 1524 2071 Credo
1574 2035 1730 2072 ferdere

234 2105 367 2151 fuisse,
399 2108 444 2141 ut
480 2100 761 2150 „teruenefice‘*
796 2102 899 2139 infra
932 2104 1034 2148 8083
1067 2115 1104 2139 v.
1137 2101 1186 2137 ad
1217 2101 1307 2138 Aul.
1343 2102 1435 2139 317.
1490 2102 1614 2148 „Acre
1646 2115 1730 2139 ace-

234 2170 343 2210 tum“
378 2175 436 2209 est
467 2173 587 2208 etiam
618 2171 724 2221 apud
747 2170 842 2207 Hor.
869 2170 949 2207 Sat.
973 2170 1022 2217 II,
1052 2171 1086 2217 3,
1117 2169 1208 2217 116,
1240 2173 1285 2206 ut
1311 2167 1542 2217 „acerbum“
1571 2170 1728 2208 Trucul.

239 2242 330 2287 181,
368 2238 572 2287 „acidum“
607 2239 749 2276 Pseud.
777 2239 801 2275 l.
829 2239 853 2276 l.
916 2238 1028 2286 Lydo
1060 2251 1138 2275 non
1170 2240 1262 2285 acri,
1296 2238 1364 2275 sed
1396 2239 1587 2275 acerrimo
1619 2242 1729 2276 aceto

234 2310 276 2346 in
305 2309 377 2345 hac
407 2321 450 2345 re
491 2321 589 2357 opus
621 2320 704 2344 esse
735 2307 904 2344 videtur.
947 2326 996 2331 —-
1044 2307 1138 2344 404.
1188 2303 1307 2344 unice
1343 2307 1521 2343 restituit
1551 2306 1729 2343 Bothius.

235 2397 291 2402 --
322 2378 416 2414 408.
456 2372 668 2425 perdidi&
714 2375 905 2423 dactylica
943 2388 1021 2412 vox
1060 2375 1223 2412 trochaei
1263 2375 1349 2412 loco
1388 2375 1521 2424 posita
1551 2374 1730 2421 offendit,

234 2444 294 2483 Fl.
326 2448 499 2493 transp.:
553 2442 751 2493 „perdidit
789 2443 901 2479 illum
940 2440 1087 2488 istaec“,
1136 2456 1214 2491 quo
1247 2442 1421 2480 diaeresis
1463 2443 1610 2479 interit.
1674 2441 1730 2479 Ne

235 2512 429 2549 Lambino
461 2512 621 2561 quidem
645 2511 776 2557 credo,
809 2511 940 2560 potius
974 2511 1241 2547 assensionem
1273 2524 1391 2560 quam
1423 2511 1727 2547 assentationem

237 2581 313 2617 dici
344 2579 511 2627 debere3
558 2581 652 2617 irati
694 2580 796 2616 enim
836 2577 1043 2627 paedagogi
1082 2582 1141 2614 est
1172 2578 1329 2615 fortiter
1359 2578 1479 2627 loqui.
1557 2577 1596 2615 Si
1637 2577 1731 2627 quid

236 2647 467 2686 mutandum
497 2649 560 2695 sit,
599 2645 778 2697 „perdit“
814 2646 994 2683 scribam.
1020 2665 1075 2670 —
1106 2646 1201 2683 409.
1234 2642 1404 2694 Absque
1437 2646 1473 2683 te
1503 2646 1620 2691 esset,
1653 2646 1677 2682 i.
1697 2659 1729 2683 e.

236 2717 314 2753 nisi
351 2719 396 2753 tu
433 2729 558 2762 esses,
604 2729 693 2753 nam
732 2713 837 2766 apud
875 2713 1057 2750 Plautum
1099 2717 1139 2749 et
1180 2713 1408 2750 Terentium
1449 2709 1601 2762 absque
1641 2726 1730 2750 con-

237 2785 387 2821 iunctio
419 2783 699 2821 condicionalis
732 2788 802 2830 est,
837 2781 882 2819 cf.
911 2780 1021 2831 Capt.
1056 2782 1149 2818 748.
1196 2781 1303 2819 Men.
1334 2782 1453 2819 1001.
1500 2780 1608 2818 Pers.
1637 2781 1730 2818 833.
