1897 3171
237 193 318 232 336
883 186 1082 221 Aulularia.

237 319 406 368 copiam,
440 317 591 354 etiamsi
606 315 767 352 Pirenes
791 315 908 353 fontis
924 316 1143 353 ubertatem
1163 317 1347 363 aequaret,
1374 313 1530 351 ebibere
1555 314 1725 362 posset“.

235 382 482 424 interbibere
505 388 564 421 est
580 385 637 421 ita
659 384 807 430 bibere,
834 388 878 421 ut
904 385 1043 421 ceteris
1067 383 1227 420 bibendi
1250 385 1402 419 occasio
1426 382 1726 421 intercludatur.

236 453 414 492 Donatus
451 456 490 489 et
521 452 569 489 ad
599 452 755 489 Terent.
787 452 908 490 Andr.
942 453 1021 489 496
1056 449 1379 499 („Interminatus
1417 448 1546 497 sum“)
1596 454 1634 487 et
1679 451 1728 488 ad

237 521 339 559 Eun.
380 522 431 559 80
479 517 772 569 („intercipit“)
820 520 922 556 hunc
968 532 1123 555 versum
1161 518 1286 556 affert.
1376 519 1413 555 Is
1451 519 1582 568 priore
1628 519 1726 564 loco,

238 602 330 627 nam
361 589 486 626 altero
518 589 668 625 omittit
699 589 933 624 sententiam
964 589 1256 636 interpositam,
1289 586 1442 624 scateat
1471 586 1627 633 scribit,
1660 600 1729 623 nec

239 656 490 703 indicat-ivus,
524 669 639 705 quem
656 655 830 692 Plautini
855 655 965 692 codd.
984 654 1173 704 praebent,
1206 653 1301 691 ferri
1326 658 1477 704 potest,
1511 655 1579 691 sed
1606 656 1730 692 tertiae

240 724 532 772 coniugationis
562 724 737 769 formam,
772 724 919 770 εεαΐαΐ,
953 736 1108 759 versum
1139 724 1341 771 requirere
1373 722 1474 759 vidit
1503 722 1729 769 Lambinus,

241 805 327 842 quae
359 793 486 829 forma
523 805 570 828 ex
601 791 784 829 Lucretio
824 795 919 828 nota
949 795 1026 836 est,
1059 790 1139 828 vid.
1171 791 1328 827 Munro.
1361 790 1410 827 ad
1441 790 1555 828 Lucr.
1588 790 1632 836 V,
1666 792 1731 829 40.

240 880 298 885 -
331 860 422 898 551.
468 857 623 910 fontem
665 855 847 896 Plrenen
885 859 1041 907 scripsit
1072 858 1252 904 Guietus,
1301 857 1474 895 Goeller.
1517 864 1554 894 et
1595 858 1732 908 Wagn.

247 925 493 975 „Pirenam“,
541 927 727 975 quoniam
773 926 909 963 Graeca
954 926 1175 963 declinandi
1220 928 1324 963 ratio
1370 939 1505 975 parum
1552 926 1735 964 Plautina

242 996 413 1033 videtur.
451 1014 507 1020 -—
542 994 704 1042 potest,
753 994 799 1030 de
830 994 1046 1031 indicativo
1080 1008 1114 1032 V.
1147 995 1197 1031 ad
1228 994 1369 1044 Amph.
1407 995 1496 1031 167.
1538 1014 1592 1019 —
1642 996 1733 1032 552.

244 1061 459 1112 opsmm'um
489 1064 529 1099 in
560 1063 590 1099 B
622 1062 796 1099 radendo
824 1062 1094 1109 emendatum3
1129 1059 1279 1111 leyiom'
1309 1063 1377 1100 δαΐ
1406 1075 1507 1099 man.
1532 1075 1605 1099 sec.
1661 1062 1736 1099 Sed

242 1135 289 1169 ut
320 1131 457 1168 Euclio
483 1134 682 1180 queratur,
710 1130 814 1178 quod
839 1130 1005 1167 multum
1032 1132 1186 1181 opsonii
1211 1132 1370 1167 missum
1395 1131 1457 1176 sit,
1490 1130 1596 1167 nullo
1622 1131 1736 1167 modo

243 1199 330 1236 fieri
356 1202 501 1249 potest,
527 1211 763 1247 quamquain
788 1211 857 1234 nec
881 1198 1086 1236 Acidalius
1111 1212 1181 1235 nec
1198 1198 1417 1248 VVagnerus
1444 1198 1515 1235 hoc
1540 1199 1735 1236 viderunt.

244 1267 436 1304 Viderant
474 1268 549 1303 iam
589 1267 741 1315 antiqui
772 1266 860 1303 edd.
892 1266 1013 1303 verba
1046 1263 1124 1304 Pol
1154 1271 1227 1304 etc.
1259 1266 1476 1314 Megadoro
1507 1266 1736 1304 tribuentes

245 1335 384 1373 Euclio
417 1335 465 1372 de
495 1334 656 1371 tibicina
688 1333 862 1370 dicturus
894 1339 996 1371 erat:
1050 1331 1181 1382 „Tum
1213 1332 1430 1383 opsonium
1461 1334 1594 1372 autem
1626 1348 1738 1372 omne

246 1403 328 1441 sola
375 1402 576 1440 comedere
621 1401 775 1451 potest“
835 1400 1140 1449 (meminerimus
1191 1404 1463 1451 „pinguiorem
1510 1400 1735 1439 tibicina1n“

246 1471 426 1509 Euclioni
457 1472 616 1507 missam
647 1483 730 1506 esse
762 1483 797 1507 v.
825 1466 946 1519 324);
986 1470 1054 1507 sed
1086 1484 1171 1507 eum
1204 1471 1458 1519 interrumpit
1489 1471 1739 1520 Megadorus,

251 1540 406 1588 opsonii
438 1539 569 1576 dicens
607 1541 761 1574 tantum
802 1550 904 1584 esse,
946 1541 989 1574 ut
1020 1538 1083 1574 vel
1113 1538 1259 1587 legioni
1290 1537 1477 1584 sufficiat,
1527 1552 1569 1575 ac
1599 1543 1743 1587 praeter

252 1608 469 1657 opsonium,
502 1607 525 1643 i.
546 1619 577 1643 e.
602 1607 730 1655 pisces
757 1610 794 1642 et
820 1605 1067 1652 salsamenta,
1101 1607 1219 1642 etiam
1252 1619 1393 1655 agnum
1424 1619 1464 1642 se
1495 1607 1658 1644 misisse.
1694 1626 1743 1631 -

255 1677 347 1713 554.
385 1671 570 1721 „beluam
594 1674 867 1711 indifferenter
890 1674 1020 1723 posuit
1046 1675 1258 1711 auctoritas
1282 1672 1500 1720 veterum“,
1528 1675 1582 1711 ait
1598 1674 1746 1711 Nonius

251 1756 290 1792 p.
325 1744 404 1779 455
437 1743 475 1779 h.
507 1755 544 1779 v.
578 1742 756 1779 afferens.
805 1741 915 1787 Quod
949 1745 1081 1779 autem
1115 1746 1153 1778 et
1178 1741 1289 1780 codd.
1316 1746 1355 1778 et
1381 1742 1530 1779 Nonius
1556 1742 1746 1792 praebent,

254 1808 475 1856 curiosam,
509 1823 643 1847 verum
676 1823 761 1846 esse
792 1823 870 1846 non
901 1814 1054 1859 potest,
1102 1811 1287 1860 quoniam
1319 1810 1553 1859 Megadorus
1586 1811 1624 1846 in
1656 1823 1748 1859 pro-

253 1879 358 1915 ximo
389 1891 504 1914 versu
537 1875 740 1915 curionem
774 1879 931 1927 repetit.
993 1877 1102 1914 I-'dem
1132 1878 1367 1915 vocabulum
1397 1878 1459 1914 hic
1492 1891 1647 1927 quoque
1679 1891 1748 1927 po-

254 1948 374 1983 situm
404 1946 522 1982 fuisse
554 1945 773 1983 Gulielmus
803 1945 1011 1992 intellexit,
1046 1950 1084 1982 et
1119 1948 1243 1982 secuti
1277 1950 1371 1983 sunt
1402 1946 1518 1983 Both.
1553 1951 1591 1982 et
1615 1945 1748 1991 VVeis,

259 2012 502 2062 „curiosmffl
547 2015 734 2062 antiquus
781 2025 889 2049 error
929 2018 998 2050 est.
1067 2012 1205 2050 Euclio
1250 2014 1312 2050 hic
1358 2027 1437 2050 non
1479 2015 1750 2051 curiositatem

253 2083 357 2129 agni
384 2085 542 2118 accusat
580 2085 624 2117 ut
653 2094 688 2118 v.
714 2081 792 2117 461
830 2093 887 2129 sq.
919 2081 1195 2129 garrulitatem
1226 2082 1332 2130 galli,
1368 2082 1437 2119 sed
1467 2086 1512 2118 ut
1543 2082 1750 2119 tibicinem

254 2149 436 2187 bibacem
469 2150 524 2185 ita
555 2162 696 2198 agnum
726 2149 842 2185 nimis
875 2162 1047 2185 macrum
1079 2162 1162 2186 esse
1194 2151 1387 2198 queritur.
1435 2149 1606 2186 Ridiculi
1635 2162 1751 2186 causa

256 2231 334 2255 vox
363 2218 526 2266 ponitur
556 2216 627 2253 hac
659 2215 945 2264 significatione
976 2218 1130 2264 ignota,
1176 2231 1266 2254 nam
1298 2219 1474 2254 curiones
1506 2221 1597 2254 sunt
1628 2230 1752 2255 sacer-

258 2286 369 2322 dotes
388 2285 606 2323 curionalia
623 2297 733 2321 sacra
751 2284 1088 2322 administrantes.
1122 2285 1359 2335 Megadorus
1376 2287 1570 2323 rationem
1588 2286 1729 2335 quaerit
1745 2300 1752 2331 3

257 2353 398 2391 Euclio
429 2354 628 2390 curionem
659 2365 700 2389 se
734 2352 877 2389 dixisse
909 2354 983 2399 ait,
1025 2354 1093 2401 qui
1132 2367 1224 2390 cura
1264 2354 1464 2391 confectus
1509 2359 1633 2400 esset,
1673 2357 1755 2390 tam

258 2435 433 2458 macrum
464 2422 566 2458 enim
606 2434 688 2457 esse
729 2432 889 2467 agnum,
936 2424 980 2456 ut
1010 2420 1082 2457 hoc
1121 2423 1314 2471 suspicari
1352 2422 1503 2459 liceret.
1580 2420 1755 2457 Comme-

258 2490 429 2526 moravit
450 2489 524 2527 hoc
547 2488 680 2525 Plauti
705 2487 1046 2525 dicterium-Festi
1063 2488 1172 2538 Epit.
1198 2503 1237 2539 p.
1258 2490 1321 2527 60.
1370 2489 1483 2535 Quod
1506 2488 1754 2526 Franckenio

259 2559 301 2594 in
332 2562 501 2594 mentem
532 2557 658 2602 venit,
698 2557 875 2605 κούρειον,
917 2558 942 2592 i.
976 2569 1008 2592 e.
1043 2569 1165 2605 agnus
1203 2557 1393 2604 Athenis,
1437 2570 1555 2605 quum
1587 2569 1687 2605 puer
1718 2558 1757 2593 in

259 2625 481 2675 phratriam
511 2624 811 2671 inscribebatur,
844 2623 1078 2670 immolatus,
1111 2626 1227 2661 nimis
1260 2628 1454 2661 remotum
1486 2628 1556 2661 est.
1589 2644 1644 2648 -—
1678 2626 1755 2661 555

262 2692 377 2729 affert
408 2692 559 2729 Nonius
590 2706 628 2742 p.
656 2693 719 2730 86.
752 2711 809 2716 —
841 2692 918 2729 556
952 2692 1053 2728 idem
1085 2705 1123 2741 p.
1153 2694 1244 2739 509,
1279 2706 1326 2729 ex
1357 2705 1433 2741 quo
1466 2692 1600 2730 maoet
1630 2705 1757 2728 emen-

263 2760 399 2797 datum
423 2765 494 2798 est.
528 2779 583 2785 —-
613 2770 708 2798 ossa
741 2770 786 2798 ac
807 2756 947 2808 pelli&
979 2760 1026 2797 of.
1049 2758 1161 2810 Capt.
1184 2761 1276 2797 135.
1323 2760 1485 2797 Theocr.
1507 2761 1543 2806 2,
1564 2760 1636 2796 89:
1670 2759 1759 2795 αὐτὰ
