1897 3171
255 198 278 237 3
283 199 335 237 32
895 193 1097 228 Aulularia.

255 324 321 361 alii
352 327 445 372 post
478 324 555 360 520
588 322 849 369 inseruerunt,
882 336 1001 373 quum
1032 325 1173 360 neutro
1204 322 1289 359 loco
1321 321 1588 369 desideretur3
1628 322 1742 360 nobis

256 394 409 429 cautius
439 392 564 428 visum
597 395 656 427 est
686 390 735 428 ad
767 390 1012 441 deperditam
1042 390 1184 427 fabulae
1213 392 1365 438 partem
1393 389 1553 436 referre,
1585 403 1620 427 V.
1648 391 1740 428 825.

251 478 308 485 -
340 455 560 496 Semieona
606 458 699 495 alibi
736 472 812 496 non
853 461 1190 496 commemoratur.
1222 477 1280 482 --
1321 458 1413 495 509.
1451 453 1623 495 Absolvi
1651 471 1742 508 pro-

252 528 339 577 prie
369 527 523 572 dicitur,
558 527 623 575 qui
649 526 806 563 sublata
828 540 939 564 mora
964 526 1191 572 dimittitur,
1222 526 1452 574 plerumque
1475 526 1537 562 cui
1561 527 1741 575 pecunia,

253 608 368 645 quam
399 596 514 644 petit,
548 595 675 631 soluta
707 597 783 641 est,
821 608 858 632 v.
892 593 1003 631 Curc.
1037 595 1129 631 454.
1190 592 1307 643 Epid.
1343 595 1435 631 622.
1495 592 1613 631 Most.
1648 594 1741 631 638.

251 663 392 700 Pseud.
422 663 541 700 1227.
595 662 683 699 Ter.
710 662 784 700 Ad.
820 663 913 700 277.
949 664 1043 700 282.
1100 661 1156 699 Cf.
1181 661 1323 711 Amph.
1361 663 1480 699 1113.
1510 681 1567 686 —-
1598 659 1747 699 cedunt

252 732 278 769 i.
312 744 345 768 e.
377 730 577 776 incedunt,
610 743 646 767 v.
681 730 730 766 ad
760 730 869 767 Asin.
902 730 996 768 402.
1029 730 1132 767 infra
1166 730 1258 767 518.
1304 729 1455 766 Nonius
1485 742 1524 779 p.
1551 731 1643 776 251,
1677 730 1745 778 qui

250 799 353 836 hunc
377 811 532 836 versum
559 797 684 835 affert.
714 818 761 822 —
799 799 889 835 510.
923 811 1059 834 versus
1092 800 1313 847 corruptus.
1361 793 1530 835 Treceni
1553 797 1649 834 ferri
1665 810 1745 834 non

251 871 385 916 potest
408 867 483 903 nisi
509 866 644 903 addito
669 879 821 914 genere,
853 879 925 902 nec
943 875 1033 903 eum
1050 869 1117 902 aut
1134 875 1256 915 quom
1270 865 1397 902 locum
1414 865 1545 913 habet,
1580 869 1619 902 et
1636 865 1746 902 deest

253 935 416 983 syllaba,
452 935 637 983 quoniam
660 930 924 982 phylacistae
955 934 1122 982 primam
1153 934 1310 970 brevem
1340 933 1472 971 habet.
1528 933 1742 979 Acidalius,

253 1016 368 1051 quem
412 1003 530 1049 vulgo
576 1004 794 1051 sequuntur
840 1002 998 1039 edentes
1051 1002 1259 1048 „Trecenti
1306 1000 1600 1048 ci1=cumstant‘⁴,
1647 1001 1746 1038 nihil

252 1076 397 1119 praeter
422 1077 587 1106 met-rum
613 1071 793 1107 correxit.
841 1069 881 1107 Si
899 1067 1154 1119 phylacistae
1174 1068 1425 1115 ,‚servantes“
1455 1073 1557 1115 sunt,
1591 1082 1746 1105 necesse

253 1143 311 1176 est
335 1140 374 1175 in
399 1139 530 1175 verbis
555 1135 705 1175 treceni
729 1148 820 1176 cum
836 1150 958 1186 genus
977 1138 1137 1187 aliquod
1153 1138 1353 1175 hominum
1381 1137 1504 1174 lateat
1527 1138 1745 1186 composito

253 1198 407 1244 nomine
439 1207 519 1242 sive
552 1220 573 1243 a
603 1207 712 1243 tricis
745 1207 827 1243 sive
860 1206 1031 1243 aliunde.
1065 1226 1114 1231 —
1152 1207 1243 1243 511.
1291 1205 1467 1243 textores
1506 1201 1744 1252 Zimbztlccrit,
1802 1231 1806 1235 -

254 1275 321 1323 qui
352 1274 537 1311 limbulos
567 1278 726 1321 texunt,
773 1278 831 1311 est
864 1278 995 1311 autem
1026 1274 1182 1319 limbus,
1222 1277 1266 1311 ut
1297 1274 1353 1310 ait
1385 1273 1541 1310 Servius
1574 1273 1622 1310 ad
1653 1273 1744 1310 AEn.

254 1341 318 1387 IV,
357 1343 432 1379 137
467 1347 503 1378 et
535 1342 584 1388 Π,
620 1343 718 1389 616,
764 1342 907 1389 „fascia
948 1355 1032 1391 quae
1072 1342 1195 1379 ambit
1237 1343 1527 1378 extremitatem
1559 1344 1744 1387 vestium,

256 1422 342 1458 quae
380 1410 517 1446 instita
557 1409 741 1448 dicitur“.
804 1410 916 1448 Ovid.
948 1410 1045 1448 Met.
1078 1410 1122 1457 V,
1159 1412 1228 1447 51:
1280 1410 1470 1457 „Indutus
1502 1409 1747 1458 chlamydem

255 1477 432 1526 Tyriam,
476 1491 591 1526 quam
630 1478 772 1516 limbus
805 1478 940 1515 obibat
972 1477 1151 1516 aureus'‘.
1213 1478 1355 1515 Parum
1387 1482 1567 1515 accurate
1598 1477 1747 1515 Nonius

255 1559 293 1595 p.
322 1547 422 1583 541:
460 1546 645 1591 „Limbus
676 1546 867 1583 muliebre
898 1548 1188 1589 vestimentum,
1223 1547 1325 1596 quod
1357 1559 1573 1596 purpuram
1604 1548 1645 1583 in
1670 1547 1748 1583 imo

255 1611 414 1660 habet‘ss
442 1614 567 1650 sedin
585 1614 658 1651 hoc
674 1628 789 1651 versu
806 1614 1004 1652 afferendo
1022 1628 1154 1652 veram
1173 1615 1358 1652 adiectivi
1384 1615 1552 1652 formam
1577 1615 1750 1651 servavit

258 1680 589 1729 (li1nbolarii).—
605 1679 822 1721 Ανθηῖίινίὶῖ
844 1696 921 1720 11011
947 1684 974 1721 11
992 1682 1242 1731 intelligendi
1269 1683 1467 1729 videntur,
1501 1683 1567 1732 qui
1599 1682 1749 1719 arculas

256 1750 487 1787 mulieribus
506 1751 664 1798 faciunt,
685 1752 820 1800 quales
839 1755 1117 1789 commemorat
1136 1751 1213 1788 Cic.
1233 1750 1305 1788 Off.
1323 1750 1371 1796 II,
1392 1752 1429 1796 7,
1450 1751 1513 1796 25,
1533 1750 1600 1786 sed
1616 1752 1749 1798 potius

259 1822 454 1856 ..textores
483 1818 706 1865 arcularii⁴'',
741 1821 807 1869 qui
831 1820 982 1857 arculas
1008 1823 1159 1865 texunt,
1194 1820 1218 1856 i.
1238 1832 1268 1856 e.
1302 1818 1474 1855 scutulas
1508 1820 1588 1855 sive
1620 1818 1749 1855 rhom-

256 1886 342 1932 bos,
391 1890 433 1922 ut
465 1888 517 1922 ait
549 1886 784 1924 Censorinus
814 1902 852 1938 p.
887 1888 937 1925 84
969 1887 1096 1934 Jahn„
1135 1887 1238 1924 unde
1277 1887 1474 1923 scutulata
1513 1887 1752 1923 vestimenta

256 1953 362 1990 dict-a
393 1958 495 1999 sunt,
529 1968 563 1992 v,
597 1955 857 2004 Mmquardt„
890 1955 1001 1992 Rem.
1034 1954 1331 1992 Privatalterth.
1363 1954 1419 1999 II,
1452 1967 1490 2002 p.
1528 1955 1618 1992 140.
1674 1953 1751 1991 Sed

256 2021 327 2058 hoc
350 2035 432 2058 voc.
452 2034 588 2058 versus
611 2023 882 2060 terminandus
910 2028 983 2060 est.
1039 2023 1131 2069 Quae
1160 2027 1379 2071 sequuntur
1406 2022 1478 2059 hoc
1506 2026 1544 2058 et
1570 2025 1751 2071 proximo

256 2103 389 2135 versu,
438 2094 474 2126 et
518 2090 649 2139 ἄμετρα
695 2096 787 2128 sunt
834 2105 902 2128 nec
948 2092 1125 2140 alioquin
1164 2091 1338 2128 ferenda.
1414 2087 1640 2128 Ducuntur
1679 2102 1750 2139 pro

256 2157 562 2194 introducuntur
599 2158 676 2196 dici
714 2173 794 2197 non
824 2163 968 2209 potest.
1044 2155 1137 2197 Iam
1175 2156 1294 2197 7203oe
1331 2156 1539 2196 absolutos
1587 2167 1752 2195 censeas

256 2239 363 2262 mera
393 2226 579 2274 repetitio
612 2231 669 2262 est
693 2240 828 2264 versus
854 2229 930 2265 509
959 2241 1091 2264 errore
1122 2227 1236 2264 facta.
1262 2247 1317 2251 —
1345 2228 1420 2264 513
1455 2226 1570 2263 affert
1600 2226 1751 2263 Nonius

257 2307 295 2342 p.
332 2295 433 2330 549:
486 2288 688 2331 ..Crocofa
729 2296 856 2332 crocei
887 2295 1030 2332 coloris
1063 2297 1193 2333 vestis.
1255 2295 1419 2332 Plautus
1451 2296 1490 2331 in
1521 2294 1748 2331 Aulularia:

258 2375 343 2398 cum
374 2361 589 2399 incendunt
622 2362 830 2399 infectores
863 2363 1111 2401 crocotaris‘.
1175 2363 1230 2400 Cf.
1264 2363 1385 2400 Cicer.
1420 2363 1513 2400 Har.
1547 2375 1648 2411 resp.
1683 2363 1748 2408 21,

260 2434 324 2470 44.
351 2433 454 2469 infra
482 2434 574 2469 825.
622 2430 737 2480 Epid.
759 2432 858 2467 228:
895 2431 1198 2479 „crocotulam‘',
1231 2431 1335 2468 uncle
1366 2431 1428 2468 1110
1454 2443 1611 2480 quoque
1638 2430 1752 2466 metri

258 2514 375 2538 causa
412 2501 532 2537 Weis.
566 2499 747 2537 Bothium
788 2504 964 2536 secutus:
1017 2500 1330 2545 „crocotularii“,
1371 2512 1490 2548 quum
1530 2498 1750 2535 Francken.

262 2570 518 2614 ..corcotarii'‘
553 2568 678 2605 malit.
709 2586 766 2591 ——
799 2568 890 2604 514.
924 2564 1043 2604 Mala
1077 2577 1187 2614 crus,
1222 2568 1268 2604 cf.
1303 2568 1395 2604 623.
1443 2566 1580 2603 Bacch.
1615 2565 1707 2604 582.

376 2638 467 2674 515.
514 2631 746 2684 Conpellem
776 2634 926 2672 Acidal.
961 2649 1033 2672 em.
1067 2655 1122 2659 -—
1155 2636 1246 2672 516.
1279 2633 1353 2682 sic,
1386 2636 1410 2672 i.
1444 2647 1475 2672 e.
1509 2635 1748 2683 loquentem.

260 2723 315 2729 —-
349 2706 440 2741 517.
497 2700 576 2743 Ubi
614 2703 660 2740 cf.
706 2704 795 2740 190.
837 2722 891 2727 —
938 2699 1262 2752 „Nuyiuendos'‘
1314 2704 1369 2739 ait
1409 2702 1559 2739 Nonius
1598 2715 1636 2751 p.
1673 2703 1750 2738 144

265 2772 451 2817 „Plautus
475 2772 554 2809 dici
584 2772 710 2809 voluit
741 2783 874 2808 omnes
907 2783 982 2816 eos,
1017 2771 1083 2819 qui
1116 2766 1268 2818 aliquid
1299 2770 1529 2806 mulieribus
1559 2769 1751 2817 vendant,
