1897 3171
264 211 344 250 510
935 204 1091 250 Captiui.

265 337 313 373 cf.
346 336 579 384 Vissering.‚
629 334 771 380 Quaest.
807 334 934 373 Plaut.
968 335 1023 382 ΙΙ,
1062 349 1099 384 p.
1137 335 1206 380 37,
1255 337 1294 370 et
1331 346 1378 370 ex
1414 333 1487 370 hoc
1525 334 1652 371 edicto
1693 336 1754 371 ius

262 404 412 450 dicere,
455 403 500 440 cf.
534 403 637 439 Men.
674 404 764 440 577.
827 403 929 441 Rud.
973 404 1071 441 374:
1125 401 1327 450 „quamuis
1358 400 1584 438 fastidiosus
1618 402 1755 439 aedilis

263 475 340 518 est3
373 472 404 507 si
437 484 535 520 quae
568 471 757 519 inprobae
790 475 881 508 sunt
913 484 1074 517 merces,
1105 471 1228 506 iactat
1259 468 1424 506 omnis“.
1473 469 1618 506 Eadem
1651 469 1755 518 apud

263 539 417 577 Graecos
448 541 510 575 τοῦ
549 539 776 588 ἀγορανόμου
822 540 1029 588 provincia
1075 541 1179 582 erat,
1227 536 1272 575 cf.
1317 536 1400 574 Mil.
1435 538 1535 574 727:
1587 536 1672 583 „Sic
1711 541 1756 574 ut

263 609 382 645 merci
428 608 602 656 pretium
648 608 789 644 statuit
830 610 896 656 qui
937 610 997 643 est
1033 606 1181 655 probus
1222 601 1522 653 agoranomus“.
1563 625 1620 628 —
1661 605 1753 642 818.

262 677 358 713 Post
387 673 467 713 Sibi
506 676 656 721 hiatus3
705 675 837 712 Herm.
871 679 1023 723 transp.
1061 673 1214 717 „Aetoli
1245 670 1359 718 sibi“‚
1400 673 1459 709 Fl.
1497 672 1652 719 „Aetoli
1683 674 1761 716 sib,

261 743 428 782 fecere“.
461 764 517 768 —
549 745 641 781 819.
689 754 831 793 reyum
860 753 935 780 rex
964 739 1162 791 rcyalior,
1195 742 1367 789 βασιλέων
1397 742 1561 789 βασιλεὺς
1592 742 1754 789 βασιλεύ-

260 827 379 862 τερος,
414 812 556 849 Latine
587 816 716 848 autem
748 812 953 860 genetivus
985 824 1061 847 non
1094 811 1397 859 comparationis
1434 814 1493 846 est
1533 809 1599 846 sed
1633 812 1755 860 parti-

260 882 387 927 tivus,
436 884 474 916 et
519 881 805 930 comparativus
845 892 916 929 pro
956 879 1197 928 superlativo
1237 879 1422 927 ponitur⁷
1471 881 1581 927 quasi
1622 892 1755 927 regum

263 951 433 986 omnium
465 949 538 986 hoc
569 949 725 984 nomine
759 948 1020 996 dignissimus.
1054 967 1110 971 -—
1142 947 1234 984 820.
1275 943 1387 983 Cibus
1418 947 1639 994 genetivum
1674 960 1756 983 esse

263 1019 319 1054 ait
365 1017 589 1054 Priscianus
628 1016 699 1061 VI,
743 1017 814 1062 74,
857 1030 894 1065 p.
940 1017 1016 1053 259
1062 1016 1130 1061 H.,
1179 1014 1225 1052 cf.
1271 1012 1442 1061 „lectus“
1486 1015 1627 1063 Amph.
1664 1017 1755 1052 509.

262 1085 484 1123 Gronovius
505 1089 658 1121 contra:
696 1085 774 1130 „sic
792 1084 1131 1133 distinguendum:
1165 1083 1325 1129 Tantus,
1359 1084 1487 1119 ventri
1515 1087 1754 1120 commeatus

263 1167 368 1198 meo,
418 1154 531 1190 adest
569 1155 608 1189 in
649 1157 769 1202 portu
801 1153 922 1189 cibus
995 1152 1132 1188 Cibum
1165 1152 1265 1188 enim
1296 1154 1410 1188 vocat
1440 1163 1509 1199 per
1540 1153 1753 1201 ἕπεξήγησιν

263 1235 378 1272 quam
408 1221 526 1270 vulgo
551 1221 836 1270 appositionem
861 1224 1015 1266 vocant,
1050 1223 1307 1256 commeatum
1334 1221 1464 1256 ventri
1491 1232 1573 1256 suo.
1620 1219 1757 1269 Neque

262 1290 447 1339 intelligit
487 1289 625 1335 alium,
669 1302 784 1338 quem
816 1289 1150 1337 Philopolemum,
1186 1301 1208 1324 a
1239 1300 1315 1336 quo
1346 1300 1417 1336 per
1449 1301 1600 1325 omnem
1632 1289 1758 1325 vitam

263 1358 390 1396 cibum
437 1356 661 1406 sperabat“.
731 1357 829 1393 Mihi
866 1357 1059 1393 Prisciani
1104 1356 1225 1401 ratio,
1273 1359 1317 1392 ut
1362 1360 1599 1392 commeatus
1647 1356 1757 1393 cibus

262 1428 459 1474 iungatur,
493 1427 622 1463 verior
652 1425 821 1463 videtur.
862 1446 916 1449 —
957 1427 1049 1463 821.
1094 1434 1226 1470 66380,
1259 1438 1294 1461 v.
1329 1424 1377 1460 ad
1410 1424 1540 1461 Aulul.
1577 1425 1669 1462 389.
1701 1445 1757 1450 —

262 1491 369 1532 hunc
399 1491 631 1543 [sessionem
661 1504 810 1539 senem,
845 1494 892 1531 de
925 1493 1063 1531 ordine
1095 1492 1142 1530 cf.
1176 1493 1223 1529 ad
1251 1493 1391 1541 Amph.
1422 1494 1541 1530 1093.
1573 1512 1627 1517 —
1662 1494 1754 1529 822.

269 1560 356 1612 Qui,
390 1565 413 1601 i.
433 1578 463 1600 e.
498 1576 588 1612 quo.
650 1559 869 1608 hominum,
905 1562 1011 1611 quod
1042 1564 1083 1599 in
1115 1561 1227 1598 codd.
1261 1561 1472 1606 exciderat,
1506 1560 1593 1598 add.
1627 1560 1757 1597 Came-

264 1633 404 1668 rarius.
468 1628 649 1679 adaeque
679 1628 944 1680 fortunatior.
979 1630 1025 1667 cf.
1054 1631 1146 1667 694.
1183 1649 1230 1654 —
1267 1630 1359 1666 824.
1393 1629 1590 1666 Lacunam
1624 1641 1760 1665 versus

264 1700 419 1736 Brixius
466 1701 612 1748 optime
653 1699 851 1748 supplevit
892 1713 938 1735 ex
977 1699 1117 1748 Amph.
1163 1699 1266 1735 1013
1308 1701 1346 1734 et
1388 1697 1527 1734 Bacch.
1565 1698 1664 1744 5813
1712 1697 1759 1733 cf.

265 1769 379 1805 etiam
414 1768 554 1804 Pseud.
592 1767 718 1805 1135:
772 1768 901 1813 „Heus
943 1767 1011 1804 ubi
1044 1768 1135 1803 estis
1166 1763 1290 1802 uos⁴?“
1324 1786 1379 1790 —
1412 1766 1504 1802 825.
1548 1765 1688 1802 Hiatus
1719 1765 1759 1801 in

266 1837 439 1882 diaeresi3
472 1836 630 1873 Muller.
670 1835 802 1874 ..sese“
840 1837 939 1873 coni.
973 1855 1027 1859 —
1060 1836 1152 1873 826.
1187 1831 1417 1872 assulatim.
1478 1833 1578 1870 Non.
1612 1847 1649 1883 p.
1685 1834 1756 1869 72:

269 1906 536 1952 „minutatim3
586 1905 749 1941 Plautus
781 1904 982 1952 Captiuis:
1030 1904 1138 1953 prius
1171 1916 1286 1952 quam
1325 1901 1518 1952 pulsando
1560 1901 1759 1938 assulatim

265 1973 415 2009 foribus
449 1974 608 2009 exitium
644 1972 785 2010 dabo‘·.
848 1972 960 2018 Quod
992 1973 1031 2008 in
1064 1971 1176 2008 codd.
1205 1975 1332 2015 extat,
1366 1970 1430 2007 ΒΓ.
1456 1971 1680 2018 suspicatur
1712 1970 1758 2006 ab

266 2043 381 2078 initio
406 2041 547 2077 fuisse:
586 2041 812 2086 „assulatim
836 2041 897 2077 vel
923 2038 1181 2084 assultatim“,
1213 2038 1317 2075 mala
1342 2038 1478 2075 addita
1503 2040 1759 2076 correctione.

267 2109 322 2146 Cf.
357 2109 459 2146 Men.
495 2110 594 2146 845:
645 2109 862 2155 „dedolabo
894 2106 1136 2153 assulati1n“,
1178 2108 1202 2144 i.
1236 2121 1267 2144 e.
1300 2107 1352 2143 ita
1400 2110 1445 2143 ut
1482 2107 1630 2143 assulas
1670 2106 1767 2143 inde·

266 2178 417 2214 faciam.
479 2177 599 2214 Merc.
637 2179 732 2214 159:
772 2176 947 2222 ..foribus
980 2177 1110 2213 facere
1142 2176 1245 2212 hisce
1277 2172 1466 2212 assulas“.

382 2246 475 2282 827.
510 2241 698 2294 conloqui
728 2242 942 2291 hommem,
975 2258 1011 2282 v,
1046 2244 1093 2281 ad
1125 2244 1266 2293 Amph.
1297 2245 1389 2281 335.
1437 2243 1531 2280 Cum
1559 2242 1615 2280 Fl.
1642 2242 1761 2278 verba

267 2314 504 2363 transposui,
548 2317 591 2350 ut
624 2315 871 2362 septenarius
904 2313 1146 2358 efficeretur3
1197 2326 1285 2349 nam
1325 2313 1357 2348 si
1396 2311 1634 2360 relinquitur
1666 2311 1763 2347 ordo

268 2382 456 2427 codicum,
489 2383 625 2431 potius
656 2381 845 2417 iambicus
878 2382 1103 2418 octonarius
1135 2381 1220 2417 erit.
1268 2379 1320 2417 Et
1344 2380 1416 2417 hoc
1442 2379 1598 2428 quidem
1623 2378 1760 2415 Stude-

266 2450 446 2495 mundus⁷
468 2450 600 2486 Herm.
619 2449 683 2495 VI,
702 2462 740 2498 p.
760 2450 853 2495 268,
880 2450 1018 2491 tenuit,
1040 2448 1222 2485 Plautum
1247 2448 1308 2484 his
1335 2448 1525 2492 versibus,
1553 2448 1760 2492 827—31,

208 2517 213 2522 ⁸
268 2522 434 2554 metrum
467 2521 640 2554 mutasse
671 2517 906 2563 arbitratus,
948 2518 1000 2553 ita
1042 2522 1085 2552 ut
1125 2516 1201 2553 duo
1233 2517 1351 2565 primi
1382 2516 1574 2552 octonarii
1607 2514 1763 2552 iambici

269 2590 410 2632 essent,
443 2587 585 2622 tertius
616 2589 844 2622 tetrameter
877 2587 1054 2631 creticus,
1089 2588 1252 2633 quartus
1285 2597 1332 2621 ex
1364 2585 1597 2633 anapaestico
1628 2595 1760 2619 mono-

268 2657 394 2690 metro
427 2658 624 2690 constaret
657 2657 697 2690 et
729 2654 870 2690 cretico
904 2653 1071 2689 dimetro
1104 2665 1189 2688 cum
1214 2652 1523 2701 penthemimere
1546 2650 1759 2696 trochaico,

269 2722 429 2770 quintus
456 2722 701 2770 septenarius
725 2721 917 2758 iambicus
943 2723 1059 2757 esset.
1102 2719 1224 2765 Quem
1250 2721 1308 2756 ita
1330 2723 1485 2756 secutus
1512 2722 1570 2756 est
1593 2718 1761 2765 Brixius,

270 2793 314 2825 ut
345 2793 529 2838 quartum
573 2803 730 2838 quoque
769 2789 979 2826 iambicum
1019 2788 1286 2837 septenarium
1317 2788 1474 2833 faceret,
1513 2783 1764 2832 ..aduenisti“'
