1897 3171
240 205 262 243 3
269 207 290 243 5
297 206 319 243 6
881 199 1080 233 Aulularia.

235 330 327 367 olim
373 333 410 365 et
459 329 524 365 alii
571 332 607 365 et
648 329 843 365 Meursius
890 328 1190 375 intellexerunt,
1235 329 1335 365 male
1379 328 1601 367 Acidalius:
1652 330 1724 377 „ob

237 400 275 433 te
307 394 407 434 me“.
439 415 494 420 -
527 398 620 434 737.
653 407 784 434 meam
818 394 952 442 tactio,
985 395 1032 433 cf.
1066 396 1159 433 415.
1195 415 1242 420 —
1279 397 1371 434 738.
1405 397 1450 434 cf.
1485 398 1578 435 788.
1633 398 1721 435 Ter.

234 464 308 501 Ad.
343 465 443 502 47οε
504 464 729 511 „Persuasit
761 478 856 510 nox,
900 477 1027 510 amor,
1067 464 1222 510 uinum,
1263 463 1572 511 adulescenti&7
1611 465 1722 503 Ovid.

231 532 318 569 Am.
352 532 388 578 I,
434 533 476 578 6,
513 533 595 579 591
637 532 746 578 „Nox
785 536 823 568 et
863 545 970 569 amor
1000 533 1209 580 vinumque
1241 531 1339 568 nihil
1370 533 1607 571 moderabile
1638 547 1723 571 sua·

232 598 367 637 dent“.
400 599 537 649 Wagn.
582 620 637 624 —
676 600 768 637 740.
816 597 929 637 Nam
966 598 1005 637 Si
1044 597 1150 637 istuc
1189 596 1256 636 iu&
1291 600 1350 637 631
1382 604 1475 647 eet.,
1524 601 1569 639 cf.
1602 601 1721 638 Mero.

234 669 336 705 975:
396 667 520 714 „Nam
563 669 595 704 si
633 669 733 704 istuc
780 669 839 704 ius
886 672 962 714 est,
1014 672 1169 704 senecta
1213 672 1342 704 aetate
1389 670 1552 706 scortari
1598 683 1721 717 senes,

233 735 310 773 Ubi
342 736 457 773 locist
492 750 553 773 res
589 750 738 773 summa
770 739 904 773 nostra
927 733 1137 785 publica‘?“
1172 735 1238 772 ubi
1268 736 1414 774 Ritsch.
1434 734 1602 774 ⁷licenter
1634 751 1721 774 con-

231 805 424 841 iunctivos
464 806 645 851 intrusit,
693 804 733 840 id
774 803 877 853 quod
916 803 1055 852 Wagn.
1088 803 1256 841 Franck.
1296 806 1446 841 minore
1485 806 1601 842 etiam
1640 806 1722 842 iure

231 876 368 909 nostro
400 873 485 909 loeo
509 872 639 909 facere
667 872 836 918 student,
870 886 955 908 nam
984 873 1218 909 coniunctivi
1246 873 1312 920 qui
1337 876 1554 922 sequuntur
1578 873 1722 919 (.,de1·i-

230 942 397 989 piainus,
432 938 704 987 excusemus“)
738 941 905 989 optativi
937 943 1040 986 sunt,
1073 953 1149 976 non
1180 940 1437 989 hypothetici.
1499 941 1578 978 Nec
1607 941 1724 978 aliter

232 1010 473 1046 indicativus
518 1010 680 1058 ponitur
725 1022 760 1046 v,
803 999 880 1044 743
921 1021 978 1057 sq.
1048 1007 1147 1045 Rud.
1192 1010 1282 1045 190.
1352 1009 1458 1046 Trin.
1505 1010 1622 1046 1166.
1669 1029 1723 1034 —

233 1075 338 1115 istuc
369 1087 575 1124 effugare,
610 1077 655 1114 of.
689 1077 824 1116 Madv.
857 1075 922 1113 Gr.
956 1076 1043 1113 Lat.
1079 1077 1156 1114 223
1190 1077 1226 1113 b.
1260 1096 1312 1101 —
1346 1078 1438 1114 741.
1479 1074 1582 1114 Luci
1614 1074 1722 1114 claro

232 1158 278 1181 ex
317 1145 442 1182 Nonio
488 1146 715 1182 restitutum
762 1148 837 1191 est,
885 1145 952 1193 qui
991 1158 1028 1193 p.
1071 1146 1149 1182 210
1189 1145 1304 1182 huius
1350 1145 1485 1183 formae
1530 1159 1607 1182 non
1651 1145 1722 1183 hoc

232 1214 355 1250 solum
397 1213 616 1262 exemplum
648 1212 782 1259 affert,
826 1212 892 1249 sed
925 1214 1045 1249 etiam
1079 1213 1155 1249 duo
1180 1213 1365 1250 Varronis
1397 1218 1435 1250 et
1464 1227 1582 1250 unum
1615 1214 1721 1251 Cice-

230 1283 338 1318 ronis
369 1281 459 1328 (Off.
494 1281 569 1327 III,
606 1283 676 1328 31,
714 1282 813 1328 112,
846 1280 913 1316 ubi
944 1281 1027 1318 cod.
1061 1295 1098 1317 c:
1152 1295 1261 1328 „cum
1293 1284 1421 1330 primo
1453 1280 1590 1327 lucis“,
1625 1287 1720 1319 cett:

238 1363 347 1395 „cum
392 1350 519 1398 prima
559 1347 690 1396 luce“)
751 1353 790 1385 et
834 1362 952 1386 unuin
1000 1352 1212 1398 praeterea,
1260 1350 1366 1386 cuius
1412 1350 1532 1387 verba
1577 1354 1721 1397 extant,

233 1418 404 1454 auctoris
445 1430 586 1454 nomen
627 1417 770 1453 excidit
810 1431 887 1453 una
927 1431 1010 1454 cuni
1053 1417 1374 1464 antecedentibus
1406 1417 1605 1455 Ciceronis
1636 1432 1722 1455 ver-

231 1485 304 1522 bis.
385 1484 505 1531 „Cum
550 1486 676 1535 primo
727 1484 827 1521 luci‘⁴
878 1489 1093 1534 posuerunt
1146 1486 1263 1521 etiam
1310 1486 1437 1523 Plaut.
1485 1485 1579 1523 Cist.
1630 1488 1720 1524 355.

234 1552 320 1590 Ter.
354 1553 427 1590 Ad.
456 1554 548 1591 841.
611 1554 707 1590 Atta
737 1553 841 1601 apud
872 1553 970 1590 Non.
996 1567 1034 1602 p.
1062 1554 1142 1590 468
1176 1567 1204 1591 s.
1230 1568 1266 1591 v.
1303 1552 1565 1603 ,.auspicavi“.
1626 1554 1721 1591 Inde

231 1620 383 1658 Nonius
419 1622 565 1670 aliique
601 1620 771 1668 „lucenff
809 1623 924 1658 etiam
955 1622 1159 1658 masculini
1199 1624 1353 1669 generis
1392 1635 1475 1659 esse
1514 1625 1719 1671 putarunt,

231 1689 333 1737 quod
366 1702 443 1726 non
475 1691 653 1738 sequitur
678 1704 723 1726 ex
750 1690 857 1740 Capt.
889 1691 1006 1737 1003,
1041 1690 1118 1736 alii,
1152 1693 1196 1726 ut
1228 1691 1346 1728 schol.
1374 1690 1508 1727 Bemb.
1534 1690 1719 1736 Terentii,

230 1759 374 1794 rectius
419 1755 545 1804 „luci“
590 1759 813 1805 genetivum
853 1771 924 1807 pro
971 1756 1114 1805 „lucis‘²
1161 1771 1243 1794 esse
1274 1762 1452 1805 censent,
1495 1772 1530 1796 v.
1562 1758 1720 1805 Bergk„

228 1825 409 1875 Beitriige
442 1839 513 1862 zur
548 1826 617 1863 lat.
651 1826 717 1863 Gr.
751 1826 780 1873 I,
813 1839 851 1875 p.
881 1826 956 1862 146
989 1839 1046 1876 sq.
1105 1824 1178 1873 (De
1211 1826 1375 1863 ablativi
1405 1826 1530 1863 forma
1562 1824 1643 1864 luci
1674 1827 1719 1864 cf.

230 1893 278 1929 ad
306 1894 447 1942 Amph.
471 1891 580 1940 163.)
608 1913 664 1918 --
692 1891 949 1942 deripl'amus
980 1894 1026 1930 de
1052 1893 1305 1931 detrahendis
1332 1896 1460 1931 aureis
1485 1897 1721 1932 ornamentis

228 1965 335 1997 recte
368 1962 525 2008 dicitur,
560 1975 608 1998 116
641 1962 727 2010 quis
760 1961 1049 1999 Franckenium
1085 1962 1245 2010 „clarod
1278 1960 1513 2011 eripiamus“
1550 1963 1720 2000 scriben-

227 2033 306 2065 tem
346 2034 545 2079 sequatur.
585 2050 640 2054 —-
682 2030 775 2067 742.
825 2026 979 2067 POSI‘id
1015 2030 1060 2067 ef.
1103 2030 1189 2067 Cas.
1225 2031 1288 2068 33.
1326 2032 1416 2068 130.
1485 2031 1591 2068 Trin.
1628 2033 1719 2069 529.

229 2096 382 2134 Trucul.
426 2098 520 2134 420.
562 2099 662 2144 7493
713 2094 932 2144 „locorum“
976 2097 1136 2135 additur
1177 2097 1261 2135 Cas.
1306 2100 1396 2136 120.
1466 2100 1584 2136 Poen.
1630 2101 1718 2136 144.

228 2163 384 2200 Trucul.
420 2166 519 2210 6503
571 2163 797 2215 „postideaff‘
834 2165 953 2203 Stich.
992 2167 1080 2211 101,
1133 2166 1335 2214 „postidea
1366 2165 1463 2204 1061“
1501 2167 1594 2204 Uist.
1625 2169 1716 2205 618.

227 2231 348 2269 Stich.
383 2234 475 2270 753.
532 2246 567 2270 V.
601 2233 749 2270 Ritsch.
784 2233 923 2283 Opusc.
956 2234 1011 2280 II,
1044 2248 1081 2283 p.
1117 2235 1208 2272 270.
1251 2255 1305 2258 —
1345 2232 1542 2283 deprensi
1580 2237 1720 2285 scripsi

229 2313 311 2336 cum
345 2299 484 2347 Wagn.
518 2314 651 2338 versus
694 2315 830 2347 causa,
877 2303 1030 2351 priores
1067 2302 1317 2351 „p1‘ehensi“.
1349 2323 1405 2327 —
1437 2304 1530 2340 743.
1579 2299 1721 2341 Nzssvmsss

227 2364 308 2404 uile
339 2367 408 2414 est,
441 2368 467 2405 i.
499 2381 530 2405 e.
563 2369 680 2405 nimis
710 2383 875 2418 parvum
906 2372 1077 2419 pretium
1110 2374 1190 2417 est,
1232 2371 1264 2407 si
1305 2372 1394 2407 vino
1435 2376 1553 2420 atque
1586 2384 1718 2408 amore

228 2436 442 2484 impunitas
474 2438 550 2473 emi
581 2439 732 2485 potest,
774 2438 887 2474 nimis
926 2439 993 2474 vili
1031 2439 1159 2488 pretio
1192 2442 1353 2476 constat.
1415 2439 1495 2475 Nec
1527 2440 1626 2475 enim
1659 2452 1720 2475 res

228 2503 365 2550 solum,
400 2516 485 2552 quae
519 2507 674 2551 emitur,
709 2505 772 2541 sed
806 2506 926 2541 etiam
953 2507 1136 2555 pretium,
1171 2520 1247 2556 quo
1275 2509 1428 2553 emitur,
1462 2508 1537 2543 vile
1563 2506 1717 2553 dicitur,

228 2584 263 2608 v.
296 2571 469 2609 Martial.
502 2572 538 2618 I,
576 2573 639 2618 77,
678 2574 722 2619 13
765 2573 811 2610 cf.
844 2572 928 2609 Mil.
963 2575 1040 2610 735
1078 2587 1257 2621 „annona
1294 2574 1425 2611 uilis“.
1486 2574 1602 2624 Epid.
1648 2576 1717 2612 52:

234 2639 407 2685 „Quanti
432 2652 516 2676 eam
551 2639 677 2677 emit?
737 2639 819 2678 TH.
853 2639 972 2678 Uili“.
1004 2660 1059 2665 -—
1093 2643 1184 2679 744.
1230 2639 1321 2679 lieet
1351 2645 1428 2680 iam
1459 2641 1504 2678 D.
1540 2662 1592 2667 —-
1626 2643 1718 2680 747.

227 2717 309 2744 mm
340 2707 532 2745 (diaetam
566 2705 754 2757 oportuit,
787 2722 822 2746 v,
849 2708 898 2745 ad
929 2709 1070 2758 Amph.
1105 2710 1196 2747 733.
1228 2730 1283 2734 ——
1316 2711 1408 2748 750.
1442 2709 1636 2757 oportere,
1671 2710 1717 2748 cf.

232 2777 323 2812 786.
389 2775 476 2813 Ter.
510 2775 633 2813 Andr.
668 2778 768 2814 780:
822 2776 1009 2822 „Coactus
1049 2777 1201 2825 legibus
1242 2791 1323 2814 eam
1362 2790 1524 2814 uxorein
1562 2776 1719 2816 ducet“.
