1897 3171
255 190 337 228 460
926 186 1080 232 Captiui-

256 316 469 364 ἄνθρωπιόν
516 314 788 365 appellabant,
834 328 872 353 V.
918 315 1063 353 Athen.
1102 315 1173 363 VI,
1221 328 1257 365 p.
1292 316 1371 353 242
1412 328 1452 363 e,
1498 315 1602 353 unde
1639 315 1741 353 hunc

256 397 408 433 quoque
437 397 563 434 parva
593 386 744 420 statura
774 383 893 421 fuisse
925 385 1120 421 coniicias.

830 578 1173 622 Argumentum
1241 603 1244 606 ⁴

255 667 514 714 acrostichon,
546 681 582 705 V.
615 667 768 717 Proleg.
801 681 838 717 p.
876 669 966 706 150.
1036 667 1111 713 Qui
1140 667 1212 704 hoc
1245 668 1465 716 composuit
1495 667 1742 716 antiquitatis

254 737 444 782 imitator,
485 731 700 784 Capteiuei
732 737 888 786 scripsit
918 736 1089 785 repetito
1129 735 1394 785 diphthongo,
1438 735 1506 784 qui
1545 748 1663 785 quum
1701 736 1743 771 in

255 805 395 843 ultima
426 803 574 853 syllaba
606 808 645 841 et
674 802 887 841 Lucilianae
922 804 1000 851 legi
1033 803 1344 841 accommodatus
1376 806 1435 840 est
1465 807 1505 840 et
1534 803 1743 840 titulorum

254 874 502 922 antiquorum
543 872 790 918 auctoritati,
837 873 877 908 in
916 871 1076 920 syllabis
1114 871 1343 921 penultimae
1381 871 1571 908 similibus
1616 871 1744 907 rarius

255 942 439 979 occurrit.
481 960 536 965 —
584 941 617 977 1.
672 935 828 988 Captus
868 940 931 977 est
967 939 1080 977 codd.
1121 943 1165 976 ut
1204 939 1286 976 fere
1326 951 1502 989 semper3
1548 951 1619 975 nos
1658 951 1745 975 cum

253 1009 452 1059 plerisque
496 1007 712 1045 editoribus
758 1009 921 1045 iunctim
962 1008 1207 1058 scripsimus,
1260 1006 1327 1044 ubi
1371 1007 1536 1044 iunctim
1573 1019 1744 1055 pronun-

253 1076 431 1114 tiandum
465 1083 543 1122 est,
589 1089 657 1112 nec
688 1077 728 1112 in
766 1078 961 1113 Varietate
1001 1076 1206 1125 scripturae
1245 1075 1315 1112 hoc
1347 1076 1513 1125 amplius
1547 1074 1742 1112 afferetur.

254 1145 347 1182 Post
377 1154 522 1194 Jmsstm
562 1144 695 1181 hiatus
734 1145 774 1181 in
813 1157 977 1190 caesura,
1025 1144 1072 1181 cf.
1112 1143 1288 1181 Studem.
1329 1143 1461 1180 Herm.
1493 1143 1531 1190 I,
1578 1156 1616 1192 p.
1651 1143 1743 1179 309.

253 1233 307 1238 —
350 1215 386 1250 2.
418 1208 583 1258 Alium,
632 1214 656 1250 i.
691 1225 723 1250 e.
765 1213 952 1259 alterum,
1001 1212 1046 1249 cf.
1086 1225 1121 1248 v.
1156 1213 1192 1249 9.
1235 1232 1283 1237 —
1327 1209 1587 1261 quadrimum
1632 1224 1678 1247 ex
1721 1211 1743 1247 8

255 1286 292 1318 et
327 1282 418 1318 754.
449 1300 507 1304 —
549 1282 583 1317 3.
633 1278 815 1328 captiuos
847 1280 1160 1326 commereatur,
1201 1294 1236 1317 v.
1274 1280 1365 1317 100.
1436 1275 1583 1326 Aleos,
1616 1279 1743 1325 Eleos,

257 1363 289 1387 v.
326 1349 436 1398 Capt.
465 1350 531 1385 27.
563 1369 618 1373 —-
650 1350 686 1385 4.
719 1348 863 1386 Versus
896 1348 1109 1395 claudicat3
1142 1348 1355 1385 Lambinus
1387 1352 1560 1385 extremo
1592 1347 1748 1385 addidit

262 1416 447 1463 ..suum⁴²;
488 1417 613 1466 possis
645 1417 758 1454 etiam
795 1415 918 1464 „sibi“
955 1417 1117 1463 addere,
1159 1420 1225 1453 aut
1254 1421 1298 1453 ut
1327 1416 1485 1454 Muller.
1522 1413 1744 1463 „domum“.

254 1487 465 1534 Brugman.
500 1489 539 1521 et-
569 1485 685 1522 Brix:
741 1490 929 1533 „gnatum
962 1489 1115 1534 captum
1149 1482 1394 1534 recuperet“.
1427 1505 1482 1510 -—
1524 1487 1558 1522 5.
1597 1480 1658 1522 Et
1685 1480 1747 1522 ibi

255 1554 286 1591 B
318 1567 434 1590 mana
464 1554 613 1603 prima3
660 1553 830 1591 secunda
870 1551 911 1591 in
941 1553 1239 1603 suprascripsit,
1282 1556 1320 1589 et
1350 1552 1384 1589 D
1417 1556 1455 1590 et
1484 1553 1522 1590 I:
1573 1549 1744 1601 „inibi“;

254 1620 301 1659 -ἱη
333 1618 422 1659 ibet-5¹
454 1634 525 1657 em.
559 1620 762 1668 Gulielm.,
803 1635 838 1659 V.
873 1621 922 1658 ad
955 1621 1064 1658 Curc.
1101 1622 1192 1659 506.
1239 1641 1286 1646 -
1330 1622 1365 1658 7.
1405 1631 1549 1668 uorsa,
1582 1624 1745 1658 mutata.

255 1710 312 1715 ——
344 1692 380 1727 7.
422 1685 475 1728 Ut
505 1686 730 1736 amittatur,
764 1703 798 1727 V.
832 1689 942 1740 Capt.
974 1690 1036 1727 36.
1099 1676 1395 1739 Oppositionem
1425 1691 1586 1739 proprie
1617 1690 1746 1738 requi-

256 1772 364 1805 rere,
412 1762 455 1795 ut
497 1755 610 1804 ‚,ille“
655 1757 883 1804 adderetur,
935 1757 1213 1795 animadvertit
1252 1757 1358 1796 Brix.
1405 1777 1458 1781 —
1506 1758 1541 1794 8.
1581 1752 1748 1794 Indicio

261 1824 426 1877 quoius,
475 1826 522 1863 cf.
562 1826 656 1874 Arg.
691 1825 800 1864 Cure.
837 1828 879 1864 8:
940 1825 1115 1873 „Ornatu
1154 1824 1334 1875 quoius“.
1408 1824 1526 1875 Apud
1563 1825 1748 1862 Plautum

257 1897 385 1946 ipsum
417 1894 508 1931 talis
546 1894 753 1930 verborum
785 1895 879 1931 ordo
910 1908 988 1932 non
1015 1895 1224 1939 invenitur,
1259 1907 1299 1930 ac
1326 1893 1497 1930 dubitari
1522 1896 1665 1943 potest,
1699 1906 1748 1930 an

256 1967 426 2013 utroque
471 1962 558 1999 loco
608 1975 709 2010 „que
756 1961 860 1999 eius“
911 1964 1101 2013 scriptum
1147 1963 1278 1999 fuerit.
1360 1961 1516 1999 Luci-et.
1558 1960 1595 2007 I,
1649 1961 1748 1998 149:

264 2031 529 2080 „Principium
562 2027 712 2067 cuius“.

893 2212 1124 2256 Prologus

261 2292 518 2343 Captivorum
556 2303 634 2327 non
673 2291 720 2327 ab
760 2292 846 2340 ipso
878 2291 1020 2328 Plauto
1062 2293 1307 2340 conscriptus
1348 2290 1526 2337 Videtur,
1575 2290 1643 2328 sed
1683 2290 1750 2327 ali-

262 2364 410 2410 quanto
427 2363 518 2410 post
533 2360 616 2395 eius
635 2362 802 2405 aetatem,
829 2373 948 2408 quum
972 2360 1105 2396 fabula
1131 2359 1259 2397 denuo
1286 2359 1412 2396 relata
1437 2363 1507 2405 est,
1539 2372 1574 2397 V.
1592 2358 1750 2407 Proleg.

260 2443 298 2479 p.
336 2430 426 2466 163.
487 2427 544 2464 De
575 2440 742 2476 persona
771 2427 930 2476 prologi
961 2440 995 2464 V.
1029 2427 1079 2464 ad
1108 2428 1265 2465 Asinar.
1302 2428 1336 2464 1.

379 2498 411 2533 1.
458 2495 611 2532 Fabula
651 2496 783 2543 agitur
820 2499 909 2531 ante
949 2495 1135 2544 Hegionis
1176 2495 1288 2533 aedes.
1372 2495 1431 2532 Ibi
1471 2495 1618 2545 captivi
1659 2494 1750 2541 duo,

263 2577 359 2614 quos
389 2577 516 2614 nuper
548 2564 658 2608 emit,
691 2562 940 2599 Philocratus
973 2568 1011 2599 et
1042 2563 1266 2611 Tyndarus,
1306 2564 1426 2600 vincti
1459 2563 1631 2600 adstant.
1691 2562 1752 2599 Ab

262 2632 320 2669 his
351 2632 537 2681 prologus
571 2634 845 2680 argumentum
883 2630 1028 2667 fabulae
1068 2636 1298 2668 narraturus
1336 2632 1494 2668 initium
1525 2631 1636 2676 facit,
1685 2643 1751 2667 eo-

262 2713 426 2748 rumque
469 2699 630 2735 alterius
661 2699 877 2747 Hegionem
917 2703 1067 2748 patrem
1102 2712 1183 2735 esse
1216 2699 1322 2736 dicit.
1396 2695 1484 2736 Hos
1522 2708 1644 2748 qu033
1685 2698 1752 2735 de-

263 2769 564 2804 monstrativum
616 2779 831 2816 pronomen
879 2767 928 2803 ad
972 2767 1176 2803 relativum
1237 2766 1570 2810 accommodatur,
1626 2779 1663 2804 V.
1703 2765 1754 2803 ad
