<?xml version="1.0" encoding="UTF-8"?>
<!DOCTYPE html PUBLIC "-//W3C//DTD XHTML 1.0 Transitional//EN"
    "http://www.w3.org/TR/xhtml1/DTD/xhtml1-transitional.dtd">
<html xmlns="http://www.w3.org/1999/xhtml" xml:lang="en" lang="en">
 <head>
  <title>
</title>
<meta http-equiv="Content-Type" content="text/html;charset=utf-8" />
  <meta name='ocr-system' content='tesseract 3.04.00' />
  <meta name='ocr-capabilities' content='ocr_page ocr_carea ocr_par ocr_line ocrx_word'/>
</head>
<body>
  <div class='ocr_page' id='page_1' title='image "./comoediaerecensu02plauuoft_0453.png"; bbox 0 0 1897 3171; ppageno 0'>
   <div class='ocr_carea' id='block_1_1' title="bbox 748 215 1616 255">
    <p class='ocr_par' dir='ltr' id='par_1_1' title="bbox 748 215 1616 255">
     <span class='ocr_line' id='line_1_1' title="bbox 748 215 1616 255; baseline -0.001 -8"><span class='ocrx_word' id='word_1_1' title='bbox 748 215 789 247; x_wconf 89' lang='lat' dir='ltr'>V.</span> <span class='ocrx_word' id='word_1_2' title='bbox 817 216 1004 248; x_wconf 82' lang='lat'>907—941.</span> <span class='ocrx_word' id='word_1_3' title='bbox 1535 219 1616 255; x_wconf 73' lang='lat'>433</span> 
     </span>
    </p>
   </div>
   <div class='ocr_carea' id='block_1_2' title="bbox 120 341 1644 2915">
    <p class='ocr_par' dir='ltr' id='par_1_2' title="bbox 120 341 1644 2915">
     <span class='ocr_line' id='line_1_2' title="bbox 131 341 1612 392; baseline 0 -13"><span class='ocrx_word' id='word_1_4' title='bbox 131 344 280 392; x_wconf 85' lang='lat' dir='ltr'>recepit</span> <span class='ocrx_word' id='word_1_5' title='bbox 302 343 463 384; x_wconf 76' lang='lat' dir='ltr'>Ritsch..</span> <span class='ocrx_word' id='word_1_6' title='bbox 495 347 539 380; x_wconf 90' lang='lat' dir='ltr'>ut</span> <span class='ocrx_word' id='word_1_7' title='bbox 572 346 689 380; x_wconf 88' lang='lat' dir='ltr'>etiam</span> <span class='ocrx_word' id='word_1_8' title='bbox 721 356 768 379; x_wconf 83' lang='lat' dir='ltr'>ex</span> <span class='ocrx_word' id='word_1_9' title='bbox 791 343 1016 391; x_wconf 73' lang='lat' dir='ltr'>corruptela</span> <span class='ocrx_word' id='word_1_10' title='bbox 1041 343 1182 379; x_wconf 73' lang='lat' dir='ltr'>codicis</span> <span class='ocrx_word' id='word_1_11' title='bbox 1207 343 1234 379; x_wconf 79' lang='lat' dir='ltr'>C</span> <span class='ocrx_word' id='word_1_12' title='bbox 1263 346 1485 390; x_wconf 78' lang='lat' dir='ltr'>„termento</span> <span class='ocrx_word' id='word_1_13' title='bbox 1510 341 1612 379; x_wconf 79' lang='lat' dir='ltr'>ruit“</span> 
     </span>
     <span class='ocr_line' id='line_1_3' title="bbox 131 408 1616 461; baseline 0 -13"><span class='ocrx_word' id='word_1_14' title='bbox 131 412 337 458; x_wconf 74' lang='lat' dir='ltr'>scriberet,</span> <span class='ocrx_word' id='word_1_15' title='bbox 371 411 475 461; x_wconf 85' lang='lat' dir='ltr'>quod</span> <span class='ocrx_word' id='word_1_16' title='bbox 501 412 596 448; x_wconf 89' lang='lat' dir='ltr'>nihil</span> <span class='ocrx_word' id='word_1_17' title='bbox 623 414 692 457; x_wconf 84' lang='lat' dir='ltr'>est,</span> <span class='ocrx_word' id='word_1_18' title='bbox 727 424 844 460; x_wconf 87' lang='lat' dir='ltr'>quum</span> <span class='ocrx_word' id='word_1_19' title='bbox 872 412 1086 447; x_wconf 72' lang='lat' dir='ltr'>rectissime</span> <span class='ocrx_word' id='word_1_20' title='bbox 1113 410 1265 447; x_wconf 89' lang='lat' dir='ltr'>dicatur</span> <span class='ocrx_word' id='word_1_21' title='bbox 1300 411 1494 448; x_wconf 66' lang='lat' dir='ltr'>temnenfo</span> <span class='ocrx_word' id='word_1_22' title='bbox 1525 408 1616 459; x_wconf 65' lang='lat' dir='ltr'>suit,</span> 
     </span>
     <span class='ocr_line' id='line_1_4' title="bbox 130 478 1615 529; baseline -0.001 -14"><span class='ocrx_word' id='word_1_23' title='bbox 130 480 155 517; x_wconf 94' lang='lat' dir='ltr'>i.</span> <span class='ocrx_word' id='word_1_24' title='bbox 190 493 221 516; x_wconf 92' lang='lat' dir='ltr'>e.</span> <span class='ocrx_word' id='word_1_25' title='bbox 254 481 377 516; x_wconf 87' lang='lat' dir='ltr'>ruinae</span> <span class='ocrx_word' id='word_1_26' title='bbox 416 484 483 516; x_wconf 88' lang='lat' dir='ltr'>aut</span> <span class='ocrx_word' id='word_1_27' title='bbox 521 479 670 516; x_wconf 85' lang='lat' dir='ltr'>excidio</span> <span class='ocrx_word' id='word_1_28' title='bbox 708 480 802 525; x_wconf 83' lang='lat' dir='ltr'>fuit,</span> <span class='ocrx_word' id='word_1_29' title='bbox 849 493 919 515; x_wconf 90' lang='lat' dir='ltr'>nec</span> <span class='ocrx_word' id='word_1_30' title='bbox 960 478 1111 526; x_wconf 63' lang='lat' dir='ltr'>praem</span> <span class='ocrx_word' id='word_1_31' title='bbox 1157 481 1461 527; x_wconf 83' lang='lat' dir='ltr'>comparativum</span> <span class='ocrx_word' id='word_1_32' title='bbox 1508 481 1615 529; x_wconf 87' lang='lat' dir='ltr'>sequi</span> 
     </span>
     <span class='ocr_line' id='line_1_5' title="bbox 131 547 1617 597; baseline -0.001 -12"><span class='ocrx_word' id='word_1_33' title='bbox 131 548 266 595; x_wconf 85' lang='lat' dir='ltr'>soleat,</span> <span class='ocrx_word' id='word_1_34' title='bbox 299 562 335 586; x_wconf 89' lang='lat' dir='ltr'>v.</span> <span class='ocrx_word' id='word_1_35' title='bbox 368 548 416 585; x_wconf 84' lang='lat' dir='ltr'>ad</span> <span class='ocrx_word' id='word_1_36' title='bbox 440 548 581 597; x_wconf 86' lang='lat' dir='ltr'><strong>Amph.</strong></span> <span class='ocrx_word' id='word_1_37' title='bbox 603 549 695 585; x_wconf 73' lang='lat'>5370.</span> <span class='ocrx_word' id='word_1_38' title='bbox 742 548 863 584; x_wconf 89' lang='lat' dir='ltr'>Immo</span> <span class='ocrx_word' id='word_1_39' title='bbox 896 547 972 584; x_wconf 85' lang='lat' dir='ltr'>alia</span> <span class='ocrx_word' id='word_1_40' title='bbox 1002 547 1196 583; x_wconf 82' lang='lat' dir='ltr'>tentanda</span> <span class='ocrx_word' id='word_1_41' title='bbox 1226 551 1316 583; x_wconf 86' lang='lat' dir='ltr'>sunt</span> <span class='ocrx_word' id='word_1_42' title='bbox 1346 548 1471 584; x_wconf 85' lang='lat' dir='ltr'>velut:</span> <span class='ocrx_word' id='word_1_43' title='bbox 1509 548 1617 595; x_wconf 88' lang='lat' dir='ltr'>„Non</span> 
     </span>
     <span class='ocr_line' id='line_1_6' title="bbox 131 614 1620 665; baseline 0 -12"><span class='ocrx_word' id='word_1_44' title='bbox 131 630 252 665; x_wconf 86' lang='lat' dir='ltr'>equos</span> <span class='ocrx_word' id='word_1_45' title='bbox 282 618 331 653; x_wconf 89' lang='lat' dir='ltr'>iis</span> <span class='ocrx_word' id='word_1_46' title='bbox 362 619 555 653; x_wconf 79' lang='lat' dir='ltr'>termento</span> <span class='ocrx_word' id='word_1_47' title='bbox 598 614 717 662; x_wconf 80' lang='lat' dir='ltr'>fuit“,</span> <span class='ocrx_word' id='word_1_48' title='bbox 766 619 853 653; x_wconf 89' lang='lat' dir='ltr'>aut:</span> <span class='ocrx_word' id='word_1_49' title='bbox 892 615 1037 663; x_wconf 74' lang='lat' dir='ltr'>„Nemo</span> <span class='ocrx_word' id='word_1_50' title='bbox 1069 615 1154 652; x_wconf 89' lang='lat' dir='ltr'>ibus</span> <span class='ocrx_word' id='word_1_51' title='bbox 1194 619 1387 652; x_wconf 83' lang='lat' dir='ltr'>termento</span> <span class='ocrx_word' id='word_1_52' title='bbox 1419 616 1534 661; x_wconf 60' lang='lat' dir='ltr'>fuitf‘,</span> <span class='ocrx_word' id='word_1_53' title='bbox 1576 620 1620 653; x_wconf 88' lang='lat' dir='ltr'>ut</span> 
     </span>
     <span class='ocr_line' id='line_1_7' title="bbox 136 682 1617 734; baseline -0.001 -13"><span class='ocrx_word' id='word_1_54' title='bbox 136 682 267 728; x_wconf 81' lang='lat' dir='ltr'>„ibus“</span> <span class='ocrx_word' id='word_1_55' title='bbox 304 686 392 721; x_wconf 79' lang='grc' dir='ltr'><strong><em>κατὰ</em></strong></span> <span class='ocrx_word' id='word_1_56' title='bbox 424 686 564 721; x_wconf 71' lang='grc' dir='ltr'>σύνεσιν</span> <span class='ocrx_word' id='word_1_57' title='bbox 604 684 652 721; x_wconf 79' lang='lat' dir='ltr'>ad</span> <span class='ocrx_word' id='word_1_58' title='bbox 683 685 872 722; x_wconf 85' lang='lat' dir='ltr'>Troianos</span> <span class='ocrx_word' id='word_1_59' title='bbox 904 684 1116 729; x_wconf 83' lang='lat' dir='ltr'>referatur,</span> <span class='ocrx_word' id='word_1_60' title='bbox 1160 687 1249 720; x_wconf 87' lang='lat' dir='ltr'>aut:</span> <span class='ocrx_word' id='word_1_61' title='bbox 1304 684 1413 729; x_wconf 64' lang='lat' dir='ltr'>„Non</span> <span class='ocrx_word' id='word_1_62' title='bbox 1455 685 1617 734; x_wconf 80' lang='lat' dir='ltr'>proinde</span> 
     </span>
     <span class='ocr_line' id='line_1_8' title="bbox 129 751 1615 801; baseline 0 -11"><span class='ocrx_word' id='word_1_63' title='bbox 129 753 171 790; x_wconf 86' lang='lat' dir='ltr'>id</span> <span class='ocrx_word' id='word_1_64' title='bbox 194 756 390 790; x_wconf 77' lang='lat' dir='ltr'>termento</span> <span class='ocrx_word' id='word_1_65' title='bbox 415 751 538 799; x_wconf 74' lang='lat' dir='ltr'>fuit“;</span> <span class='ocrx_word' id='word_1_66' title='bbox 571 753 735 801; x_wconf 81' lang='lat' dir='ltr'>proinde</span> <span class='ocrx_word' id='word_1_67' title='bbox 762 756 819 789; x_wconf 88' lang='lat' dir='ltr'>est</span> <span class='ocrx_word' id='word_1_68' title='bbox 844 755 944 789; x_wconf 86' lang='lat' dir='ltr'>enim</span> <span class='ocrx_word' id='word_1_69' title='bbox 970 752 1073 788; x_wconf 85' lang='lat' dir='ltr'>idem</span> <span class='ocrx_word' id='word_1_70' title='bbox 1099 752 1204 801; x_wconf 89' lang='lat' dir='ltr'>quod</span> <span class='ocrx_word' id='word_1_71' title='bbox 1229 752 1401 800; x_wconf 78' lang='lat' dir='ltr'>perinde,</span> <span class='ocrx_word' id='word_1_72' title='bbox 1435 766 1470 789; x_wconf 90' lang='lat' dir='ltr'>v.</span> <span class='ocrx_word' id='word_1_73' title='bbox 1496 752 1615 790; x_wconf 86' lang='lat' dir='ltr'>Stich.</span> 
     </span>
     <span class='ocr_line' id='line_1_9' title="bbox 133 820 1616 870; baseline -0.001 -12"><span class='ocrx_word' id='word_1_74' title='bbox 133 822 224 858; x_wconf 81' lang='lat'>104.</span> <span class='ocrx_word' id='word_1_75' title='bbox 264 821 403 870; x_wconf 83' lang='lat' dir='ltr'><strong>Amph.</strong></span> <span class='ocrx_word' id='word_1_76' title='bbox 439 823 531 858; x_wconf 82' lang='lat'>953.</span> <span class='ocrx_word' id='word_1_77' title='bbox 578 822 664 858; x_wconf 84' lang='lat' dir='ltr'>Ter.</span> <span class='ocrx_word' id='word_1_78' title='bbox 699 821 852 858; x_wconf 83' lang='lat' dir='ltr'>Phorm.</span> <span class='ocrx_word' id='word_1_79' title='bbox 888 822 980 858; x_wconf 75' lang='lat'>382.</span> <span class='ocrx_word' id='word_1_80' title='bbox 1040 820 1133 857; x_wconf 87' lang='lat' dir='ltr'>Hec.</span> <span class='ocrx_word' id='word_1_81' title='bbox 1169 822 1261 857; x_wconf 72' lang='lat'>218.</span> <span class='ocrx_word' id='word_1_82' title='bbox 1318 820 1496 857; x_wconf 76' lang='lat' dir='ltr'>Gertzius</span> <span class='ocrx_word' id='word_1_83' title='bbox 1528 834 1616 870; x_wconf 91' lang='lat' dir='ltr'>pro-</span> 
     </span>
     <span class='ocr_line' id='line_1_10' title="bbox 128 886 1618 942; baseline -0.001 -16"><span class='ocrx_word' id='word_1_84' title='bbox 128 892 278 938; x_wconf 78' lang='lat' dir='ltr'>posuit:</span> <span class='ocrx_word' id='word_1_85' title='bbox 319 890 441 942; x_wconf 58' lang='lat' dir='ltr'>„,Non</span> <span class='ocrx_word' id='word_1_86' title='bbox 472 890 692 937; x_wconf 83' lang='lat' dir='ltr'>Phrygibus</span> <span class='ocrx_word' id='word_1_87' title='bbox 733 893 967 926; x_wconf 67' lang='lat' dir='ltr'>termentum</span> <span class='ocrx_word' id='word_1_88' title='bbox 999 886 1114 926; x_wconf 72' lang='lat' dir='ltr'>fuit“.</span> <span class='ocrx_word' id='word_1_89' title='bbox 1191 888 1373 925; x_wconf 81' lang='lat' dir='ltr'>Ceterum</span> <span class='ocrx_word' id='word_1_90' title='bbox 1420 890 1459 925; x_wconf 88' lang='lat' dir='ltr'>in</span> <span class='ocrx_word' id='word_1_91' title='bbox 1505 890 1618 926; x_wconf 86' lang='lat' dir='ltr'>huius</span> 
     </span>
     <span class='ocr_line' id='line_1_11' title="bbox 128 957 1617 1008; baseline -0.001 -13"><span class='ocrx_word' id='word_1_92' title='bbox 128 971 262 995; x_wconf 84' lang='lat' dir='ltr'>versus</span> <span class='ocrx_word' id='word_1_93' title='bbox 286 959 391 995; x_wconf 85' lang='lat' dir='ltr'>exitu</span> <span class='ocrx_word' id='word_1_94' title='bbox 414 959 770 1008; x_wconf 74' lang='lat' dir='ltr'>interpungendum</span> <span class='ocrx_word' id='word_1_95' title='bbox 796 962 864 1004; x_wconf 80' lang='lat' dir='ltr'>est,</span> <span class='ocrx_word' id='word_1_96' title='bbox 883 972 973 1004; x_wconf 89' lang='lat' dir='ltr'>non,</span> <span class='ocrx_word' id='word_1_97' title='bbox 1002 962 1045 994; x_wconf 91' lang='lat' dir='ltr'>ut</span> <span class='ocrx_word' id='word_1_98' title='bbox 1061 958 1178 1005; x_wconf 80' lang='lat' dir='ltr'>vulgo</span> <span class='ocrx_word' id='word_1_99' title='bbox 1198 957 1357 1002; x_wconf 80' lang='lat' dir='ltr'>faciunt,</span> <span class='ocrx_word' id='word_1_100' title='bbox 1377 959 1417 994; x_wconf 89' lang='lat' dir='ltr'>in</span> <span class='ocrx_word' id='word_1_101' title='bbox 1434 959 1617 1007; x_wconf 83' lang='lat' dir='ltr'>proximi.</span> 
     </span>
     <span class='ocr_line' id='line_1_12' title="bbox 128 1024 1613 1076; baseline -0.001 -12"><span class='ocrx_word' id='word_1_102' title='bbox 128 1046 183 1051; x_wconf 79' lang='lat'>—</span> <span class='ocrx_word' id='word_1_103' title='bbox 214 1028 307 1064; x_wconf 74' lang='lat'>927.</span> <span class='ocrx_word' id='word_1_104' title='bbox 341 1026 435 1063; x_wconf 85' lang='lat' dir='ltr'>Post</span> <span class='ocrx_word' id='word_1_105' title='bbox 462 1037 579 1076; x_wconf 69' lang='lat' dir='ltr'>quam</span> <span class='ocrx_word' id='word_1_106' title='bbox 606 1028 754 1073; x_wconf 73' lang='lat' dir='ltr'>hiatus,</span> <span class='ocrx_word' id='word_1_107' title='bbox 787 1027 851 1064; x_wconf 86' lang='lat' dir='ltr'>R.:</span> <span class='ocrx_word' id='word_1_108' title='bbox 890 1026 987 1073; x_wconf 89' lang='lat' dir='ltr'>„huc</span> <span class='ocrx_word' id='word_1_109' title='bbox 1013 1028 1123 1076; x_wconf 87' lang='lat' dir='ltr'>prius</span> <span class='ocrx_word' id='word_1_110' title='bbox 1149 1024 1304 1075; x_wconf 65' lang='lat' dir='ltr'>quam²²,</span> <span class='ocrx_word' id='word_1_111' title='bbox 1338 1025 1483 1062; x_wconf 83' lang='lat' dir='ltr'>Miiller</span> <span class='ocrx_word' id='word_1_112' title='bbox 1505 1024 1613 1071; x_wconf 79' lang='lat' dir='ltr'>„hic⁴‘</span> 
     </span>
     <span class='ocr_line' id='line_1_13' title="bbox 128 1091 1618 1144; baseline -0.001 -12"><span class='ocrx_word' id='word_1_113' title='bbox 128 1095 239 1132; x_wconf 86' lang='lat' dir='ltr'>addit</span> <span class='ocrx_word' id='word_1_114' title='bbox 269 1098 360 1144; x_wconf 87' lang='lat' dir='ltr'>post</span> <span class='ocrx_word' id='word_1_115' title='bbox 388 1094 526 1142; x_wconf 72' lang='lat' dir='ltr'>„huc“.</span> <span class='ocrx_word' id='word_1_116' title='bbox 551 1116 605 1119; x_wconf 84' lang='lat'>——</span> <span class='ocrx_word' id='word_1_117' title='bbox 639 1097 730 1133; x_wconf 74' lang='lat'>928.</span> <span class='ocrx_word' id='word_1_118' title='bbox 764 1096 840 1132; x_wconf 78' lang='lat' dir='ltr'>Pro</span> <span class='ocrx_word' id='word_1_119' title='bbox 874 1091 1042 1132; x_wconf 64' lang='lat' dir='ltr'>Priame</span> <span class='ocrx_word' id='word_1_120' title='bbox 1072 1092 1282 1141; x_wconf 78' lang='lat' dir='ltr'>„Pe1·a1ne“</span> <span class='ocrx_word' id='word_1_121' title='bbox 1321 1095 1618 1131; x_wconf 82' lang='lat' dir='ltr'>allitterationis</span> 
     </span>
     <span class='ocr_line' id='line_1_14' title="bbox 128 1163 1614 1213; baseline -0.001 -13"><span class='ocrx_word' id='word_1_122' title='bbox 128 1177 244 1200; x_wconf 86' lang='lat' dir='ltr'>causa</span> <span class='ocrx_word' id='word_1_123' title='bbox 275 1164 518 1201; x_wconf 80' lang='lat' dir='ltr'>commendat</span> <span class='ocrx_word' id='word_1_124' title='bbox 549 1164 739 1201; x_wconf 86' lang='lat' dir='ltr'>Fleckeis.</span> <span class='ocrx_word' id='word_1_125' title='bbox 771 1165 872 1201; x_wconf 91' lang='lat' dir='ltr'>Ann.</span> <span class='ocrx_word' id='word_1_126' title='bbox 905 1164 999 1213; x_wconf 87' lang='lat' dir='ltr'>phil.</span> <span class='ocrx_word' id='word_1_127' title='bbox 1033 1163 1133 1209; x_wconf 82' lang='lat' dir='ltr'>CIII,</span> <span class='ocrx_word' id='word_1_128' title='bbox 1166 1176 1203 1212; x_wconf 88' lang='lat' dir='ltr'>p.</span> <span class='ocrx_word' id='word_1_129' title='bbox 1238 1165 1272 1204; x_wconf 74' lang='lat'>8,</span> <span class='ocrx_word' id='word_1_130' title='bbox 1306 1167 1388 1200; x_wconf 85' lang='lat' dir='ltr'>not.</span> <span class='ocrx_word' id='word_1_131' title='bbox 1434 1183 1479 1186; x_wconf 75' lang='lat'>—</span> <span class='ocrx_word' id='word_1_132' title='bbox 1522 1164 1614 1200; x_wconf 77' lang='lat'>929.</span> 
     </span>
     <span class='ocr_line' id='line_1_15' title="bbox 126 1228 1644 1282; baseline -0.001 -14"><span class='ocrx_word' id='word_1_133' title='bbox 126 1228 349 1270; x_wconf 62' lang='lat' dir='ltr'>multabere</span> <span class='ocrx_word' id='word_1_134' title='bbox 373 1237 477 1270; x_wconf 85' lang='lat' dir='ltr'>recte</span> <span class='ocrx_word' id='word_1_135' title='bbox 502 1232 554 1279; x_wconf 71' lang='lat' dir='ltr'>D,</span> <span class='ocrx_word' id='word_1_136' title='bbox 587 1246 675 1269; x_wconf 76' lang='lat' dir='ltr'>nam</span> <span class='ocrx_word' id='word_1_137' title='bbox 702 1233 797 1282; x_wconf 83' lang='lat' dir='ltr'>quid</span> <span class='ocrx_word' id='word_1_138' title='bbox 827 1234 879 1270; x_wconf 87' lang='lat' dir='ltr'>sit</span> <span class='ocrx_word' id='word_1_139' title='bbox 909 1233 1074 1282; x_wconf 77' lang='lat' dir='ltr'>pecunia</span> <span class='ocrx_word' id='word_1_140' title='bbox 1100 1232 1268 1268; x_wconf 77' lang='lat' dir='ltr'>mulcare</span> <span class='ocrx_word' id='word_1_141' title='bbox 1296 1232 1476 1280; x_wconf 82' lang='lat' dir='ltr'>aliquem,</span> <span class='ocrx_word' id='word_1_142' title='bbox 1504 1244 1616 1267; x_wconf 87' lang='lat' dir='ltr'>nemo</span> <span class='ocrx_word' id='word_1_143' title='bbox 1639 1235 1644 1240; x_wconf 63' lang='lat'><strong>⁴</strong></span> 
     </span>
     <span class='ocr_line' id='line_1_16' title="bbox 128 1299 1614 1351; baseline 0 -15"><span class='ocrx_word' id='word_1_144' title='bbox 128 1300 220 1337; x_wconf 87' lang='lat' dir='ltr'>dum</span> <span class='ocrx_word' id='word_1_145' title='bbox 260 1301 484 1351; x_wconf 84' lang='lat' dir='ltr'>explicavit.</span> <span class='ocrx_word' id='word_1_146' title='bbox 532 1321 586 1326; x_wconf 88' lang='lat'>-—-</span> <span class='ocrx_word' id='word_1_147' title='bbox 634 1299 948 1351; x_wconf 59' lang='lat' dir='ltr'>quadrinycntis</span> <span class='ocrx_word' id='word_1_148' title='bbox 995 1301 1157 1338; x_wconf 83' lang='lat' dir='ltr'>alteram</span> <span class='ocrx_word' id='word_1_149' title='bbox 1204 1301 1386 1348; x_wconf 78' lang='lat' dir='ltr'>corripit,</span> <span class='ocrx_word' id='word_1_150' title='bbox 1434 1300 1479 1337; x_wconf 82' lang='lat' dir='ltr'>cf.</span> <span class='ocrx_word' id='word_1_151' title='bbox 1522 1301 1614 1336; x_wconf 80' lang='grc'>969.</span> 
     </span>
     <span class='ocr_line' id='line_1_17' title="bbox 127 1366 1613 1419; baseline -0.001 -14"><span class='ocrx_word' id='word_1_152' title='bbox 127 1368 280 1419; x_wconf 81' lang='lat' dir='ltr'>Proleg.</span> <span class='ocrx_word' id='word_1_153' title='bbox 313 1382 351 1418; x_wconf 89' lang='lat' dir='ltr'>p.</span> <span class='ocrx_word' id='word_1_154' title='bbox 386 1371 479 1408; x_wconf 78' lang='lat'>203.</span> <span class='ocrx_word' id='word_1_155' title='bbox 557 1370 779 1408; x_wconf 83' lang='lat' dir='ltr'>Schneider.</span> <span class='ocrx_word' id='word_1_156' title='bbox 814 1374 852 1407; x_wconf 85' lang='lat' dir='ltr'>et</span> <span class='ocrx_word' id='word_1_157' title='bbox 884 1369 1032 1407; x_wconf 85' lang='lat' dir='ltr'>Ritsch.</span> <span class='ocrx_word' id='word_1_158' title='bbox 1071 1366 1387 1419; x_wconf 75' lang='lat' dir='ltr'>„quadrigentis“</span> <span class='ocrx_word' id='word_1_159' title='bbox 1425 1368 1613 1405; x_wconf 88' lang='lat' dir='ltr'>scribunt.</span> 
     </span>
     <span class='ocr_line' id='line_1_18' title="bbox 124 1437 1613 1488; baseline -0.001 -14"><span class='ocrx_word' id='word_1_160' title='bbox 124 1437 187 1474; x_wconf 93' lang='lat' dir='ltr'>Ad</span> <span class='ocrx_word' id='word_1_161' title='bbox 217 1451 422 1475; x_wconf 86' lang='lat' dir='ltr'>numerum</span> <span class='ocrx_word' id='word_1_162' title='bbox 454 1439 560 1488; x_wconf 86' lang='lat' dir='ltr'>quod</span> <span class='ocrx_word' id='word_1_163' title='bbox 592 1440 755 1486; x_wconf 79' lang='lat' dir='ltr'>attinet,</span> <span class='ocrx_word' id='word_1_164' title='bbox 803 1439 991 1486; x_wconf 85' lang='lat' dir='ltr'>ducentos</span> <span class='ocrx_word' id='word_1_165' title='bbox 1022 1438 1238 1475; x_wconf 87' lang='lat' dir='ltr'>Nicobulus</span> <span class='ocrx_word' id='word_1_166' title='bbox 1271 1437 1386 1474; x_wconf 86' lang='lat' dir='ltr'>militi</span> <span class='ocrx_word' id='word_1_167' title='bbox 1417 1437 1613 1486; x_wconf 81' lang='lat' dir='ltr'>promisit,</span> 
     </span>
     <span class='ocr_line' id='line_1_19' title="bbox 127 1505 1615 1557; baseline -0.001 -15"><span class='ocrx_word' id='word_1_168' title='bbox 127 1506 273 1544; x_wconf 85' lang='lat' dir='ltr'>alteros</span> <span class='ocrx_word' id='word_1_169' title='bbox 306 1507 494 1544; x_wconf 83' lang='lat' dir='ltr'>ducentos</span> <span class='ocrx_word' id='word_1_170' title='bbox 525 1521 625 1545; x_wconf 78' lang='lat' dir='ltr'>nova</span> <span class='ocrx_word' id='word_1_171' title='bbox 657 1508 829 1557; x_wconf 85' lang='lat' dir='ltr'>epistola</span> <span class='ocrx_word' id='word_1_172' title='bbox 860 1507 1071 1556; x_wconf 85' lang='lat' dir='ltr'>Chrysalus</span> <span class='ocrx_word' id='word_1_173' title='bbox 1103 1507 1264 1543; x_wconf 86' lang='lat' dir='ltr'>auferet.</span> <span class='ocrx_word' id='word_1_174' title='bbox 1284 1526 1331 1531; x_wconf 88' lang='lat'>—</span> <span class='ocrx_word' id='word_1_175' title='bbox 1363 1506 1454 1542; x_wconf 88' lang='lat'>930.</span> <span class='ocrx_word' id='word_1_176' title='bbox 1494 1505 1615 1551; x_wconf 70' lang='lat' dir='ltr'>„Nam</span> 
     </span>
     <span class='ocr_line' id='line_1_20' title="bbox 125 1573 1614 1626; baseline -0.001 -15"><span class='ocrx_word' id='word_1_177' title='bbox 125 1573 207 1611; x_wconf 76' lang='lat' dir='ltr'>hae“</span> <span class='ocrx_word' id='word_1_178' title='bbox 242 1576 372 1625; x_wconf 89' lang='lat' dir='ltr'>inquit</span> <span class='ocrx_word' id='word_1_179' title='bbox 407 1576 597 1622; x_wconf 74' lang='lat' dir='ltr'>„tabellae,</span> <span class='ocrx_word' id='word_1_180' title='bbox 632 1590 727 1626; x_wconf 83' lang='lat' dir='ltr'>quas</span> <span class='ocrx_word' id='word_1_181' title='bbox 758 1576 852 1622; x_wconf 83' lang='lat' dir='ltr'>fero,</span> <span class='ocrx_word' id='word_1_182' title='bbox 886 1589 964 1612; x_wconf 89' lang='lat' dir='ltr'>non</span> <span class='ocrx_word' id='word_1_183' title='bbox 996 1578 1086 1612; x_wconf 88' lang='lat' dir='ltr'>sunt</span> <span class='ocrx_word' id='word_1_184' title='bbox 1108 1575 1274 1620; x_wconf 80' lang='lat' dir='ltr'>tabellae,</span> <span class='ocrx_word' id='word_1_185' title='bbox 1308 1574 1376 1611; x_wconf 87' lang='lat' dir='ltr'>sed</span> <span class='ocrx_word' id='word_1_186' title='bbox 1401 1587 1523 1622; x_wconf 87' lang='lat' dir='ltr'>equus</span> <span class='ocrx_word' id='word_1_187' title='bbox 1548 1573 1614 1609; x_wconf 92' lang='lat' dir='ltr'>ille</span> 
     </span>
     <span class='ocr_line' id='line_1_21' title="bbox 125 1640 1614 1691; baseline -0.001 -12"><span class='ocrx_word' id='word_1_188' title='bbox 125 1640 317 1691; x_wconf 74' lang='lat' dir='ltr'>ligneus“.</span> <span class='ocrx_word' id='word_1_189' title='bbox 395 1643 452 1681; x_wconf 83' lang='lat' dir='ltr'>De</span> <span class='ocrx_word' id='word_1_190' title='bbox 491 1646 725 1682; x_wconf 77' lang='lat' dir='ltr'>attractione</span> <span class='ocrx_word' id='word_1_191' title='bbox 771 1644 1070 1681; x_wconf 76' lang='lat' dir='ltr'>demonstrativi</span> <span class='ocrx_word' id='word_1_192' title='bbox 1116 1643 1165 1680; x_wconf 89' lang='lat' dir='ltr'>ad</span> <span class='ocrx_word' id='word_1_193' title='bbox 1203 1643 1410 1679; x_wconf 89' lang='lat' dir='ltr'>relativum</span> <span class='ocrx_word' id='word_1_194' title='bbox 1448 1641 1526 1678; x_wconf 89' lang='lat' dir='ltr'>vid.</span> <span class='ocrx_word' id='word_1_195' title='bbox 1567 1641 1614 1678; x_wconf 88' lang='lat' dir='ltr'>ad</span> 
     </span>
     <span class='ocr_line' id='line_1_22' title="bbox 125 1707 1613 1763; baseline -0.001 -16"><span class='ocrx_word' id='word_1_196' title='bbox 125 1711 266 1761; x_wconf 85' lang='lat' dir='ltr'>Amph.</span> <span class='ocrx_word' id='word_1_197' title='bbox 305 1713 422 1750; x_wconf 82' lang='lat'>1002.</span> <span class='ocrx_word' id='word_1_198' title='bbox 457 1733 511 1738; x_wconf 86' lang='lat'>-—-</span> <span class='ocrx_word' id='word_1_199' title='bbox 542 1711 813 1763; x_wconf 51' lang='lat' dir='ltr'>covas-afflectas,</span> <span class='ocrx_word' id='word_1_200' title='bbox 847 1726 881 1749; x_wconf 89' lang='lat' dir='ltr'>v.</span> <span class='ocrx_word' id='word_1_201' title='bbox 915 1713 963 1749; x_wconf 85' lang='lat' dir='ltr'>ad</span> <span class='ocrx_word' id='word_1_202' title='bbox 996 1713 1088 1749; x_wconf 84' lang='lat'>919.</span> <span class='ocrx_word' id='word_1_203' title='bbox 1121 1732 1177 1736; x_wconf 82' lang='lat'>—</span> <span class='ocrx_word' id='word_1_204' title='bbox 1210 1713 1302 1749; x_wconf 76' lang='lat'>932.</span> <span class='ocrx_word' id='word_1_205' title='bbox 1336 1707 1492 1758; x_wconf 70' lang='lat' dir='ltr'>Efflus,</span> <span class='ocrx_word' id='word_1_206' title='bbox 1534 1709 1613 1746; x_wconf 86' lang='lat' dir='ltr'>doli</span> 
     </span>
     <span class='ocr_line' id='line_1_23' title="bbox 123 1779 1610 1831; baseline -0.001 -15"><span class='ocrx_word' id='word_1_207' title='bbox 123 1780 352 1827; x_wconf 80' lang='lat' dir='ltr'>fabricator,</span> <span class='ocrx_word' id='word_1_208' title='bbox 385 1784 429 1818; x_wconf 92' lang='lat' dir='ltr'>ut</span> <span class='ocrx_word' id='word_1_209' title='bbox 459 1781 572 1831; x_wconf 82' lang='lat' dir='ltr'>Verg.</span> <span class='ocrx_word' id='word_1_210' title='bbox 606 1783 696 1819; x_wconf 82' lang='lat' dir='ltr'>AEn.</span> <span class='ocrx_word' id='word_1_211' title='bbox 730 1782 779 1821; x_wconf 86' lang='lat' dir='ltr'>II.</span> <span class='ocrx_word' id='word_1_212' title='bbox 814 1783 905 1819; x_wconf 72' lang='lat'>264.</span> <span class='ocrx_word' id='word_1_213' title='bbox 946 1801 1000 1805; x_wconf 73' lang='lat'>—</span> <span class='ocrx_word' id='word_1_214' title='bbox 1039 1782 1132 1818; x_wconf 89' lang='lat'>933.</span> <span class='ocrx_word' id='word_1_215' title='bbox 1166 1779 1429 1829; x_wconf 86' lang='lat' dir='ltr'>Tryphiodor.</span> <span class='ocrx_word' id='word_1_216' title='bbox 1462 1793 1496 1815; x_wconf 85' lang='lat' dir='ltr'>v.</span> <span class='ocrx_word' id='word_1_217' title='bbox 1531 1780 1610 1815; x_wconf 75' lang='lat'>498</span> 
     </span>
     <span class='ocr_line' id='line_1_24' title="bbox 124 1848 1611 1899; baseline -0.001 -15"><span class='ocrx_word' id='word_1_218' title='bbox 124 1861 180 1897; x_wconf 84' lang='lat' dir='ltr'>sq.</span> <span class='ocrx_word' id='word_1_219' title='bbox 228 1849 362 1885; x_wconf 75' lang='grc' dir='ltr'><strong><em>Αὐτίκα</em></strong></span> <span class='ocrx_word' id='word_1_220' title='bbox 403 1850 433 1884; x_wconf 70' lang='grc' dir='ltr'>δ’</span> <span class='ocrx_word' id='word_1_221' title='bbox 472 1850 678 1899; x_wconf 70' lang='grc' dir='ltr'><em>Ἀργείοισιν</em></span> <span class='ocrx_word' id='word_1_222' title='bbox 715 1851 890 1896; x_wconf 63' lang='grc' dir='ltr'>Ἀχιλλῆος</span> <span class='ocrx_word' id='word_1_223' title='bbox 930 1851 1028 1898; x_wconf 74' lang='grc' dir='ltr'>παρὰ</span> <span class='ocrx_word' id='word_1_224' title='bbox 1068 1851 1195 1897; x_wconf 68' lang='grc' dir='ltr'>η”μβον</span> <span class='ocrx_word' id='word_1_225' title='bbox 1231 1849 1408 1897; x_wconf 60' lang='grc' dir='ltr'>Ἀγγελίην</span> <span class='ocrx_word' id='word_1_226' title='bbox 1449 1848 1611 1894; x_wconf 69' lang='grc' dir='ltr'><strong><em>ἀνέφαινε·</em></strong></span> 
     </span>
     <span class='ocr_line' id='line_1_25' title="bbox 122 1913 1611 1968; baseline -0.001 -15"><span class='ocrx_word' id='word_1_227' title='bbox 122 1919 237 1953; x_wconf 77' lang='grc' dir='ltr'><em>Σίνων</em></span> <span class='ocrx_word' id='word_1_228' title='bbox 268 1917 436 1967; x_wconf 71' lang='grc' dir='ltr'><em>εὖφεγγέῖ</em></span> <span class='ocrx_word' id='word_1_229' title='bbox 474 1919 576 1966; x_wconf 75' lang='grc' dir='ltr'><em>δαλῷ.</em></span> <span class='ocrx_word' id='word_1_230' title='bbox 616 1940 671 1944; x_wconf 73' lang='lat'>—</span> <span class='ocrx_word' id='word_1_231' title='bbox 718 1921 811 1956; x_wconf 74' lang='lat'>934.</span> <span class='ocrx_word' id='word_1_232' title='bbox 859 1920 938 1955; x_wconf 86' lang='lat' dir='ltr'>Aut</span> <span class='ocrx_word' id='word_1_233' title='bbox 977 1921 1065 1968; x_wconf 80' lang='lat' dir='ltr'>post</span> <span class='ocrx_word' id='word_1_234' title='bbox 1107 1928 1243 1954; x_wconf 62' lang='lat' dir='ltr'>secum</span> <span class='ocrx_word' id='word_1_235' title='bbox 1282 1920 1349 1953; x_wconf 89' lang='lat' dir='ltr'>aut</span> <span class='ocrx_word' id='word_1_236' title='bbox 1388 1919 1476 1965; x_wconf 86' lang='lat' dir='ltr'>post</span> <span class='ocrx_word' id='word_1_237' title='bbox 1516 1913 1611 1953; x_wconf 66' lang='lat' dir='ltr'>Olim</span> 
     </span>
     <span class='ocr_line' id='line_1_26' title="bbox 122 1981 1613 2036; baseline -0.001 -14"><span class='ocrx_word' id='word_1_238' title='bbox 122 1985 276 2032; x_wconf 72' lang='lat' dir='ltr'>hiatur,</span> <span class='ocrx_word' id='word_1_239' title='bbox 322 1986 470 2023; x_wconf 85' lang='lat' dir='ltr'>Ritsch.</span> <span class='ocrx_word' id='word_1_240' title='bbox 505 1987 691 2036; x_wconf 75' lang='lat' dir='ltr'>Pyladem</span> <span class='ocrx_word' id='word_1_241' title='bbox 734 1991 891 2025; x_wconf 76' lang='lat' dir='ltr'>secutus</span> <span class='ocrx_word' id='word_1_242' title='bbox 934 1985 1024 2034; x_wconf 69' lang='lat' dir='ltr'>„ut“</span> <span class='ocrx_word' id='word_1_243' title='bbox 1062 1986 1224 2022; x_wconf 75' lang='lat' dir='ltr'>addidit.</span> <span class='ocrx_word' id='word_1_244' title='bbox 1261 2004 1308 2009; x_wconf 89' lang='lat'>—-</span> <span class='ocrx_word' id='word_1_245' title='bbox 1351 1987 1444 2022; x_wconf 78' lang='lat'>935.</span> <span class='ocrx_word' id='word_1_246' title='bbox 1486 1981 1613 2022; x_wconf 68' lang='lat' dir='ltr'>Nunc</span> 
     </span>
     <span class='ocr_line' id='line_1_27' title="bbox 122 2052 1609 2104; baseline 0 -14"><span class='ocrx_word' id='word_1_247' title='bbox 122 2052 287 2092; x_wconf 87' lang='lat' dir='ltr'>Guietus</span> <span class='ocrx_word' id='word_1_248' title='bbox 316 2055 505 2093; x_wconf 86' lang='lat' dir='ltr'>restituit.</span> <span class='ocrx_word' id='word_1_249' title='bbox 585 2055 724 2103; x_wconf 80' lang='lat' dir='ltr'>„Sin0“</span> <span class='ocrx_word' id='word_1_250' title='bbox 762 2057 816 2092; x_wconf 85' lang='lat' dir='ltr'>ait</span> <span class='ocrx_word' id='word_1_251' title='bbox 852 2057 967 2103; x_wconf 82' lang='lat' dir='ltr'>„olim</span> <span class='ocrx_word' id='word_1_252' title='bbox 999 2057 1127 2104; x_wconf 81' lang='lat' dir='ltr'>ignem</span> <span class='ocrx_word' id='word_1_253' title='bbox 1159 2054 1316 2099; x_wconf 77' lang='lat' dir='ltr'>habuit,</span> <span class='ocrx_word' id='word_1_254' title='bbox 1351 2067 1427 2102; x_wconf 88' lang='lat' dir='ltr'>quo</span> <span class='ocrx_word' id='word_1_255' title='bbox 1459 2055 1609 2101; x_wconf 82' lang='lat' dir='ltr'>signum</span> 
     </span>
     <span class='ocr_line' id='line_1_28' title="bbox 124 2120 1607 2174; baseline 0.001 -17"><span class='ocrx_word' id='word_1_256' title='bbox 124 2120 255 2168; x_wconf 86' lang='lat' dir='ltr'>daret;</span> <span class='ocrx_word' id='word_1_257' title='bbox 288 2136 389 2159; x_wconf 86' lang='lat' dir='ltr'>nunc</span> <span class='ocrx_word' id='word_1_258' title='bbox 419 2124 521 2172; x_wconf 84' lang='lat' dir='ltr'>ignis</span> <span class='ocrx_word' id='word_1_259' title='bbox 553 2124 760 2162; x_wconf 80' lang='lat' dir='ltr'>habentem</span> <span class='ocrx_word' id='word_1_260' title='bbox 794 2127 921 2174; x_wconf 85' lang='lat' dir='ltr'>ipsum</span> <span class='ocrx_word' id='word_1_261' title='bbox 953 2126 1052 2169; x_wconf 85' lang='lat' dir='ltr'>urit3</span> <span class='ocrx_word' id='word_1_262' title='bbox 1086 2136 1173 2160; x_wconf 86' lang='lat' dir='ltr'>nam</span> <span class='ocrx_word' id='word_1_263' title='bbox 1199 2122 1360 2159; x_wconf 75' lang='lat' dir='ltr'>Bacchis</span> <span class='ocrx_word' id='word_1_264' title='bbox 1384 2124 1484 2172; x_wconf 83' lang='lat' dir='ltr'>ignis</span> <span class='ocrx_word' id='word_1_265' title='bbox 1510 2121 1607 2159; x_wconf 87' lang='lat' dir='ltr'>est“.</span> 
     </span>
     <span class='ocr_line' id='line_1_29' title="bbox 124 2191 1608 2241; baseline 0 -14"><span class='ocrx_word' id='word_1_266' title='bbox 124 2207 173 2214; x_wconf 93' lang='lat'>—</span> <span class='ocrx_word' id='word_1_267' title='bbox 193 2191 286 2229; x_wconf 73' lang='lat'>936.</span> <span class='ocrx_word' id='word_1_268' title='bbox 320 2191 460 2229; x_wconf 84' lang='lat' dir='ltr'>Hiatus</span> <span class='ocrx_word' id='word_1_269' title='bbox 482 2193 634 2230; x_wconf 84' lang='lat' dir='ltr'>vitandi</span> <span class='ocrx_word' id='word_1_270' title='bbox 659 2207 774 2231; x_wconf 78' lang='lat' dir='ltr'>causa</span> <span class='ocrx_word' id='word_1_271' title='bbox 799 2193 843 2230; x_wconf 91' lang='lat' dir='ltr'>R.</span> <span class='ocrx_word' id='word_1_272' title='bbox 871 2206 955 2229; x_wconf 87' lang='lat' dir='ltr'>cum</span> <span class='ocrx_word' id='word_1_273' title='bbox 980 2192 1121 2229; x_wconf 88' lang='lat' dir='ltr'>Guieto</span> <span class='ocrx_word' id='word_1_274' title='bbox 1147 2195 1317 2241; x_wconf 86' lang='lat' dir='ltr'>transp.:</span> <span class='ocrx_word' id='word_1_275' title='bbox 1355 2191 1451 2237; x_wconf 84' lang='lat' dir='ltr'>„hoc</span> <span class='ocrx_word' id='word_1_276' title='bbox 1477 2192 1608 2227; x_wconf 86' lang='lat' dir='ltr'>insunt</span> 
     </span>
     <span class='ocr_line' id='line_1_30' title="bbox 121 2257 1606 2311; baseline 0.001 -17"><span class='ocrx_word' id='word_1_277' title='bbox 121 2259 161 2295; x_wconf 91' lang='lat' dir='ltr'>in</span> <span class='ocrx_word' id='word_1_278' title='bbox 179 2257 326 2308; x_wconf 84' lang='lat' dir='ltr'>equo“;</span> <span class='ocrx_word' id='word_1_279' title='bbox 350 2260 507 2297; x_wconf 77' lang='lat' dir='ltr'>Biichel.</span> <span class='ocrx_word' id='word_1_280' title='bbox 532 2261 725 2311; x_wconf 76' lang='lat' dir='ltr'>„equ0d“3</span> <span class='ocrx_word' id='word_1_281' title='bbox 753 2261 820 2298; x_wconf 83' lang='lat' dir='ltr'>sed</span> <span class='ocrx_word' id='word_1_282' title='bbox 838 2261 1054 2298; x_wconf 88' lang='lat' dir='ltr'>desiderari</span> <span class='ocrx_word' id='word_1_283' title='bbox 1072 2259 1221 2309; x_wconf 87' lang='lat' dir='ltr'>aliquid</span> <span class='ocrx_word' id='word_1_284' title='bbox 1237 2259 1406 2296; x_wconf 86' lang='lat' dir='ltr'>videtur.</span> <span class='ocrx_word' id='word_1_285' title='bbox 1439 2260 1606 2305; x_wconf 75' lang='lat' dir='ltr'>Muller.,</span> 
     </span>
     <span class='ocr_line' id='line_1_31' title="bbox 121 2325 1607 2378; baseline 0.001 -15"><span class='ocrx_word' id='word_1_286' title='bbox 121 2325 280 2365; x_wconf 87' lang='lat' dir='ltr'>Nachtr.</span> <span class='ocrx_word' id='word_1_287' title='bbox 303 2329 377 2365; x_wconf 79' lang='lat'>123</span> <span class='ocrx_word' id='word_1_288' title='bbox 398 2342 454 2378; x_wconf 85' lang='lat' dir='ltr'>sq.</span> <span class='ocrx_word' id='word_1_289' title='bbox 477 2327 650 2377; x_wconf 81' lang='lat' dir='ltr'>„[1nulti]</span> <span class='ocrx_word' id='word_1_290' title='bbox 669 2328 853 2367; x_wconf 83' lang='lat' dir='ltr'>milites“.</span> <span class='ocrx_word' id='word_1_291' title='bbox 895 2329 1087 2367; x_wconf 79' lang='lat' dir='ltr'>Luchs.in</span> <span class='ocrx_word' id='word_1_292' title='bbox 1108 2328 1236 2365; x_wconf 84' lang='lat' dir='ltr'>Herm.</span> <span class='ocrx_word' id='word_1_293' title='bbox 1256 2328 1360 2373; x_wconf 92' lang='lat' dir='ltr'>VIII,</span> <span class='ocrx_word' id='word_1_294' title='bbox 1384 2328 1478 2364; x_wconf 66' lang='lat'>124:</span> <span class='ocrx_word' id='word_1_295' title='bbox 1510 2327 1607 2374; x_wconf 82' lang='lat' dir='ltr'>„hoc</span> 
     </span>
     <span class='ocr_line' id='line_1_32' title="bbox 121 2392 1605 2447; baseline 0 -17"><span class='ocrx_word' id='word_1_296' title='bbox 121 2395 161 2431; x_wconf 90' lang='lat' dir='ltr'>in</span> <span class='ocrx_word' id='word_1_297' title='bbox 185 2408 284 2444; x_wconf 90' lang='lat' dir='ltr'>equo</span> <span class='ocrx_word' id='word_1_298' title='bbox 313 2393 432 2446; x_wconf 86' lang='lat' dir='ltr'>[quae]</span> <span class='ocrx_word' id='word_1_299' title='bbox 459 2399 602 2443; x_wconf 71' lang='lat' dir='ltr'>insunt,</span> <span class='ocrx_word' id='word_1_300' title='bbox 633 2397 757 2446; x_wconf 82' lang='lat' dir='ltr'>[sunt]</span> <span class='ocrx_word' id='word_1_301' title='bbox 784 2395 976 2444; x_wconf 79' lang='lat' dir='ltr'>milites“;</span> <span class='ocrx_word' id='word_1_302' title='bbox 1009 2397 1190 2447; x_wconf 86' lang='lat' dir='ltr'>equidem</span> <span class='ocrx_word' id='word_1_303' title='bbox 1217 2396 1277 2433; x_wconf 73' lang='lat' dir='ltr'>tot</span> <span class='ocrx_word' id='word_1_304' title='bbox 1301 2399 1388 2432; x_wconf 84' lang='lat' dir='ltr'>ante</span> <span class='ocrx_word' id='word_1_305' title='bbox 1415 2392 1605 2433; x_wconf 71' lang='grc' dir='ltr'><em>1ιοιέΧοί-</em></span> 
     </span>
     <span class='ocr_line' id='line_1_33' title="bbox 121 2463 1605 2517; baseline 0 -18"><span class='ocrx_word' id='word_1_306' title='bbox 121 2463 223 2500; x_wconf 83' lang='lat' dir='ltr'>disse</span> <span class='ocrx_word' id='word_1_307' title='bbox 241 2465 368 2502; x_wconf 86' lang='lat' dir='ltr'>credo.</span> <span class='ocrx_word' id='word_1_308' title='bbox 390 2485 437 2490; x_wconf 82' lang='lat'>-—</span> <span class='ocrx_word' id='word_1_309' title='bbox 459 2467 551 2504; x_wconf 83' lang='lat'>937.</span> <span class='ocrx_word' id='word_1_310' title='bbox 584 2464 642 2504; x_wconf 69' lang='lat' dir='ltr'>mi</span> <span class='ocrx_word' id='word_1_311' title='bbox 660 2477 786 2517; x_wconf 69' lang='lat' dir='ltr'>usque</span> <span class='ocrx_word' id='word_1_312' title='bbox 802 2467 916 2504; x_wconf 82' lang='lat' dir='ltr'>Both.</span> <span class='ocrx_word' id='word_1_313' title='bbox 935 2466 1119 2503; x_wconf 83' lang='lat' dir='ltr'>restituit.</span> <span class='ocrx_word' id='word_1_314' title='bbox 1141 2485 1188 2489; x_wconf 87' lang='grc'>-</span> <span class='ocrx_word' id='word_1_315' title='bbox 1211 2465 1304 2501; x_wconf 77' lang='grc'>938.</span> <span class='ocrx_word' id='word_1_316' title='bbox 1338 2474 1475 2500; x_wconf 68' lang='lat' dir='ltr'>aream</span> <span class='ocrx_word' id='word_1_317' title='bbox 1491 2477 1605 2512; x_wconf 85' lang='lat' dir='ltr'>pecu-</span> 
     </span>
     <span class='ocr_line' id='line_1_34' title="bbox 121 2532 1603 2582; baseline 0.001 -14"><span class='ocrx_word' id='word_1_318' title='bbox 121 2533 206 2578; x_wconf 71' lang='lat' dir='ltr'>niae,</span> <span class='ocrx_word' id='word_1_319' title='bbox 239 2533 375 2581; x_wconf 73' lang='lat' dir='ltr'>quales</span> <span class='ocrx_word' id='word_1_320' title='bbox 406 2535 522 2571; x_wconf 89' lang='lat' dir='ltr'>etiam</span> <span class='ocrx_word' id='word_1_321' title='bbox 554 2549 655 2572; x_wconf 83' lang='lat' dir='ltr'>nunc</span> <span class='ocrx_word' id='word_1_322' title='bbox 686 2537 725 2572; x_wconf 89' lang='lat' dir='ltr'>in</span> <span class='ocrx_word' id='word_1_323' title='bbox 758 2535 938 2572; x_wconf 82' lang='lat' dir='ltr'>cavaediis</span> <span class='ocrx_word' id='word_1_324' title='bbox 969 2535 1219 2582; x_wconf 85' lang='lat' dir='ltr'>Pompeianis</span> <span class='ocrx_word' id='word_1_325' title='bbox 1250 2533 1515 2578; x_wconf 86' lang='lat' dir='ltr'>inveniuntur,</span> <span class='ocrx_word' id='word_1_326' title='bbox 1557 2532 1603 2569; x_wconf 77' lang='lat' dir='ltr'>cf.</span> 
     </span>
     <span class='ocr_line' id='line_1_35' title="bbox 121 2597 1603 2654; baseline 0 -18"><span class='ocrx_word' id='word_1_327' title='bbox 121 2600 367 2649; x_wconf 85' lang='lat' dir='ltr'>Marquardt.</span> <span class='ocrx_word' id='word_1_328' title='bbox 400 2602 696 2642; x_wconf 81' lang='lat' dir='ltr'>Privatalterth.</span> <span class='ocrx_word' id='word_1_329' title='bbox 723 2604 752 2650; x_wconf 90' lang='lat' dir='ltr'>I,</span> <span class='ocrx_word' id='word_1_330' title='bbox 785 2618 823 2654; x_wconf 91' lang='lat' dir='ltr'>p.</span> <span class='ocrx_word' id='word_1_331' title='bbox 844 2605 936 2641; x_wconf 79' lang='lat'>245.</span> <span class='ocrx_word' id='word_1_332' title='bbox 963 2623 1018 2627; x_wconf 83' lang='lat'>—-</span> <span class='ocrx_word' id='word_1_333' title='bbox 1050 2604 1142 2639; x_wconf 87' lang='lat'>939.</span> <span class='ocrx_word' id='word_1_334' title='bbox 1175 2597 1365 2638; x_wconf 49' lang='lat' dir='ltr'>E‘mtimn</span> <span class='ocrx_word' id='word_1_335' title='bbox 1389 2597 1603 2647; x_wconf 60' lang='lat' dir='ltr'>excidium,</span> 
     </span>
     <span class='ocr_line' id='line_1_36' title="bbox 120 2668 1603 2719; baseline 0 -14"><span class='ocrx_word' id='word_1_336' title='bbox 120 2668 193 2706; x_wconf 89' lang='lat' dir='ltr'>hoc</span> <span class='ocrx_word' id='word_1_337' title='bbox 224 2670 361 2707; x_wconf 89' lang='lat' dir='ltr'>ordine</span> <span class='ocrx_word' id='word_1_338' title='bbox 391 2671 438 2708; x_wconf 93' lang='lat' dir='ltr'>A.</span> <span class='ocrx_word' id='word_1_339' title='bbox 514 2669 721 2710; x_wconf 69' lang='lat' dir='ltr'>exlecebra</span> <span class='ocrx_word' id='word_1_340' title='bbox 759 2674 877 2709; x_wconf 86' lang='lat' dir='ltr'>etiam</span> <span class='ocrx_word' id='word_1_341' title='bbox 917 2675 955 2709; x_wconf 89' lang='lat' dir='ltr'>in</span> <span class='ocrx_word' id='word_1_342' title='bbox 994 2672 1027 2708; x_wconf 92' lang='lat' dir='ltr'><strong>A</strong></span> <span class='ocrx_word' id='word_1_343' title='bbox 1066 2671 1225 2714; x_wconf 84' lang='lat' dir='ltr'>lectum,</span> <span class='ocrx_word' id='word_1_344' title='bbox 1273 2681 1357 2716; x_wconf 86' lang='lat' dir='ltr'>quae</span> <span class='ocrx_word' id='word_1_345' title='bbox 1396 2669 1603 2719; x_wconf 84' lang='lat' dir='ltr'>pecuniam</span> 
     </span>
     <span class='ocr_line' id='line_1_37' title="bbox 121 2736 1601 2787; baseline -0.001 -14"><span class='ocrx_word' id='word_1_346' title='bbox 121 2738 245 2784; x_wconf 84' lang='lat' dir='ltr'>elicit,</span> <span class='ocrx_word' id='word_1_347' title='bbox 279 2739 324 2775; x_wconf 82' lang='lat' dir='ltr'>cf.</span> <span class='ocrx_word' id='word_1_348' title='bbox 358 2739 460 2775; x_wconf 84' lang='lat' dir='ltr'>Men.</span> <span class='ocrx_word' id='word_1_349' title='bbox 497 2740 595 2777; x_wconf 74' lang='lat'>370:</span> <span class='ocrx_word' id='word_1_350' title='bbox 643 2742 722 2787; x_wconf 69' lang='lat' dir='ltr'>„ita</span> <span class='ocrx_word' id='word_1_351' title='bbox 754 2745 844 2778; x_wconf 76' lang='lat' dir='ltr'>sunt</span> <span class='ocrx_word' id='word_1_352' title='bbox 874 2741 934 2776; x_wconf 70' lang='lat' dir='ltr'>hio</span> <span class='ocrx_word' id='word_1_353' title='bbox 968 2738 1202 2782; x_wconf 75' lang='lat' dir='ltr'>meretrices,</span> <span class='ocrx_word' id='word_1_354' title='bbox 1237 2749 1370 2773; x_wconf 77' lang='lat' dir='ltr'>omnes</span> <span class='ocrx_word' id='word_1_355' title='bbox 1402 2736 1601 2772; x_wconf 71' lang='lat' dir='ltr'>eles—ebrae</span> 
     </span>
     <span class='ocr_line' id='line_1_38' title="bbox 122 2804 1600 2854; baseline -0.001 -13"><span class='ocrx_word' id='word_1_356' title='bbox 122 2805 391 2854; x_wconf 80' lang='lat' dir='ltr'>argentariae“</span> <span class='ocrx_word' id='word_1_357' title='bbox 434 2828 489 2832; x_wconf 37' lang='grc' dir='ltr'><strong>ἡ</strong></span> <span class='ocrx_word' id='word_1_358' title='bbox 531 2810 622 2847; x_wconf 81' lang='grc'>941.</span> <span class='ocrx_word' id='word_1_359' title='bbox 663 2820 754 2846; x_wconf 56' lang='lat' dir='ltr'>xvim</span> <span class='ocrx_word' id='word_1_360' title='bbox 793 2809 924 2846; x_wconf 72' lang='lat' dir='ltr'>addidi</span> <span class='ocrx_word' id='word_1_361' title='bbox 966 2820 1049 2843; x_wconf 84' lang='lat' dir='ltr'>cum</span> <span class='ocrx_word' id='word_1_362' title='bbox 1093 2806 1314 2842; x_wconf 81' lang='lat' dir='ltr'>Hermanno</span> <span class='ocrx_word' id='word_1_363' title='bbox 1355 2809 1393 2840; x_wconf 79' lang='lat' dir='ltr'>et</span> <span class='ocrx_word' id='word_1_364' title='bbox 1433 2804 1600 2840; x_wconf 63' lang='lat' dir='ltr'>Mallem</span> 
     </span>
     <span class='ocr_line' id='line_1_39' title="bbox 1290 2882 1333 2915; baseline -0.023 0"><span class='ocrx_word' id='word_1_365' title='bbox 1290 2882 1333 2915; x_wconf 79' lang='lat'>28</span> 
     </span>
    </p>
   </div>
  </div>
 </body>
</html>
