1854 3188
207 218 283 255 168
891 213 1011 248 Plauti
1450 215 1493 257 ΙΙ,
1509 217 1539 257 3,
1555 217 1691 251 36—55

771 338 1117 380 Philocrates

657 410 776 461 Quae
808 411 991 461 memini⁷
1024 424 1145 452 mora
1176 414 1337 452 merast
1368 412 1593 453 monerier.
1626 423 1691 457 395

808 482 1083 536 Tyndarus

202 552 259 594 Ut
291 567 386 594 eum
415 553 602 595 redimat
640 557 682 595 et
712 555 907 595 remittat
936 558 1132 595 nostrum
1161 552 1246 594 huc
1278 553 1502 595 amborum
1533 555 1688 596 uicem.

782 625 812 666 P
823 625 851 666 h
861 626 873 665 i
885 625 898 666 l
909 639 932 666 o
944 639 965 666 c
974 639 995 666 r
1006 639 1032 666 3
1041 630 1059 666 1
1070 639 1091 666 e
1103 639 1121 666 3

204 697 452 739 Meminero.

865 769 902 810 H
914 783 935 809 e
946 769 1028 822 gio

274 842 327 882 At
346 855 474 895 quam
491 841 675 895 primum
692 841 873 895 poterit3
900 840 1000 894 [istu
1009 840 1048 893 c]
1067 840 1109 880 in
1127 854 1217 881 rem
1233 842 1452 894 utriquest
1474 855 1684 884 maxume.

779 911 1117 953 Philocrates

203 985 297 1026 Non
329 989 447 1026 tuum
478 990 525 1026 tu
556 985 692 1037 magis
724 984 872 1025 uidere
905 997 1032 1036 quam
1064 984 1136 1025 ille
1169 998 1293 1025 suum
1323 990 1501 1038 gnatum
1532 986 1662 1039 cupit.

864 1055 1028 1109 Hegio

203 1128 322 1170 Meus
355 1127 470 1179 mihi,
505 1142 607 1169 suus
640 1128 873 1182 quoiquest
903 1141 1041 1168 carus.

771 1199 1120 1241 Philocrates

1051 1270 1163 1312 Num
1195 1271 1297 1325 quid
1329 1271 1446 1313 aliud
1478 1273 1545 1313 uis
1576 1272 1691 1325 patri

204 1343 405 1385 Nuntiari
415 1344 434 1384 ‘i'

812 1415 1087 1470 Tyndarus

499 1488 569 1529 Me
599 1488 624 1539 †
656 1488 725 1530 hic
756 1488 914 1532 ualere.
948 1492 991 1530 et
1021 1492 1114 1529 tute
1146 1487 1530 1537 311(130101··(110110,
1623 1498 1691 1531 400

202 1560 410 1614 Tymlare,
442 1561 555 1601 inter
585 1574 664 1601 nos
695 1560 827 1601 fuisse
860 1560 1029 1613 ingenio
1061 1559 1177 1600 haud
1209 1558 1504 1610 discordabili‚

202 1632 352 1685 Neque
391 1636 434 1673 te
475 1632 763 1673 conmeruisse
802 1632 973 1685 culpam
1013 1645 1150 1684 neque
1182 1636 1224 1672 te
1256 1631 1539 1672 aduorsatum
1571 1630 1688 1682 mihi,

201 1704 402 1758 Beneque
434 1718 505 1746 ero
537 1704 721 1757 gessisse
752 1718 917 1745 morem
948 1705 991 1745 in
1023 1703 1157 1745 tantis
1189 1704 1404 1744 aerumnis
1435 1707 1594 1753 tamen,

202 1777 351 1830 Neque
391 1776 489 1818 med
527 1790 730 1828 umquam
762 1776 1001 1817 deseruisse
1032 1782 1074 1816 te
1105 1789 1246 1830 neque
1277 1775 1404 1817 factis
1435 1788 1574 1827 neque
1605 1774 1690 1816 fide

203 1849 346 1890 Rebus
375 1848 419 1889 in
451 1847 605 1899 dubiis,
638 1848 793 1901 egenis.
854 1847 973 1888 Haec
1005 1852 1129 1901 pater
1160 1847 1332 1900 quando
1365 1847 1484 1896 sciet,
1625 1857 1691 1890 405

202 1921 412 1975 Tyndare,
445 1924 493 1961 ut
522 1919 657 1961 fueris
689 1920 904 1961 animatus
935 1933 1039 1972 erga
1072 1934 1194 1960 suum
1226 1923 1403 1972 gnatum
1435 1923 1564 1971 atque
1596 1932 1652 1970 se,

202 1992 447 2046 Numquam
478 1993 559 2033 erit
589 1997 677 2033 tam
710 2006 879 2034 auarus.
913 1992 1014 2044 quin
1046 1996 1088 2032 te
1120 1992 1271 2044 gratiis
1304 1992 1475 2032 emittat-
1506 2005 1647 2032 manu.

202 2065 258 2106 Et
288 2077 384 2106 mea
415 2078 560 2117 opera,
593 2064 629 2105 si
659 2064 761 2105 hinc
793 2063 947 2113 rebito,
979 2063 1147 2114 faciam,
1179 2068 1227 2104 ut
1257 2063 1390 2104 faciat
1421 2063 1610 2114 facilius3

202 2136 309 2178 Nam
343 2139 421 2178 tua
451 2149 584 2190 opera
615 2140 658 2177 et
689 2136 892 2176 comitate
925 2143 967 2176 et
996 2136 1159 2177 uirtute
1191 2141 1234 2177 et
1266 2136 1481 2189 sapientia

203 2208 376 2259 Fecisti,
406 2212 455 2249 ut
483 2207 623 2249 redire
654 2207 786 2249 liceat
817 2207 872 2249 ad
904 2209 1097 2261 parentis
1130 2208 1281 2259 denuo,
1624 2219 1692 2251 410

205 2280 343 2330 Quom
373 2279 489 2334 apud
520 2279 634 2321 huno
665 2280 886 2321 confessus
919 2294 964 2322 es
997 2285 1040 2321 et
1071 2294 1205 2333 genus
1238 2285 1281 2322 et
1313 2280 1488 2321 diuitias
1519 2293 1660 2330 meas3

205 2352 298 2403 Quo
330 2356 460 2407 pacto
494 2352 675 2393 emisisti
706 2366 727 2393 e
759 2352 911 2393 uinclis
944 2357 1065 2394 tuum
1097 2367 1216 2394 erum
1248 2358 1324 2393 tua
1356 2352 1580 2405 sapientia.

773 2423 1120 2466 Philocrates

205 2497 305 2538 Feci
325 2509 401 2549 ego
419 2496 493 2548 ita,
510 2500 559 2537 ut
576 2509 883 2539 conmemoras,
899 2501 940 2538 et
957 2502 999 2538 te
1018 2497 1262 2538 meminisse
1278 2496 1322 2538 id
1340 2500 1555 2550 gratumst
1571 2495 1690 2536 mihi.

205 2568 361 2610 Merito
392 2568 471 2609 tibi
503 2581 554 2609 ea
585 2572 823 2609 euenerunt
852 2582 877 2608 3
908 2582 994 2619 me3
1027 2583 1126 2610 113111
1157 2583 1280 2620 1111110,
1311 2568 1591 2619 Philocrates,

297 2739 362 2772 397
387 2737 527 2782 poteris
621 2737 800 2772 399—405
823 2748 898 2781 sex,
925 2747 997 2772 non
1020 2742 1152 2781 septem
1178 2739 1343 2774 versibus.
1446 2739 1511 2771 402
1536 2748 1593 2776 me
1619 2738 1684 2772 ad-

206 2799 392 2829 uersatum
417 2795 484 2829 tibi
577 2796 643 2828 412
668 2794 824 2828 uinculis
917 2796 983 2828 413
1007 2794 1079 2828 ista
