1897 3171
248 201 329 238 524
742 197 894 242 Captiui.
949 196 991 230 V.
1022 198 1253 231 1020—1034.

246 329 423 375 peperit,
470 326 529 362 Fl.
569 324 778 372 ‚‚nebulas“
814 326 893 373 ed.;
939 326 1084 363 Muller
1120 323 1261 371 .,olim“
1297 325 1387 362 add.
1451 345 1482 350 —
1524 327 1642 363 1020.
1689 322 1742 364 18*

248 408 294 431 ex
325 396 359 431 A
390 394 544 431 addidit
570 393 754 443 Geppert.
785 415 839 419 —-
874 395 993 432 1021.
1018 390 1230 442 principio
1254 393 1389 430 Lamb.
1409 406 1495 440 em„
1527 398 1571 430 ut
1593 393 1735 432 Pseud.

250 464 348 500 606:
399 462 510 509 „Hoc
550 466 782 510 praeuortar
818 459 1053 511 principio“.
1095 481 1150 486 ——
1199 462 1316 499 1023.
1361 458 1466 510 Quoi
1492 459 1629 510 peculi
1660 467 1732 500 etc.

249 530 390 568 Servus
420 530 482 566 vel
514 532 553 567 in
587 531 744 567 miseria
774 531 938 576 iocatur,
973 530 1083 578 quasi
1115 529 1208 566 boni
1244 529 1393 579 aliquid
1423 529 1497 567 sibi
1530 529 1657 567 detur.

359 597 502 636 Ultimi
532 598 673 635 fabulae
698 611 844 644 versus,
878 598 1019 647 quibus
1043 596 1159 634 finem
1185 597 1318 634 adesse
1344 597 1542 634 indicatur
1568 601 1607 634 et
1628 611 1736 647 spec-

247 671 418 704 tatorum
450 666 610 715 plausus
642 671 819 714 rogatur,
852 668 891 702 in
923 665 1035 703 codd.
1070 665 1240 704 catervoe
1269 665 1509 710 tribuuntur,
1542 666 1566 702 i.
1595 679 1626 702 e.
1658 667 1736 702 toti

248 735 484 772 histrionum
523 735 650 783 gregi,
693 748 727 772 v,
762 734 913 783 Proleg.
946 748 983 783 p.
1022 734 1112 771 173.
1190 733 1245 772 Ut
1284 735 1324 770 in
1361 733 1522 782 prologo
1557 734 1605 770 55
1638 746 1737 782 sqq.,

248 804 303 839 ita
341 802 402 839 hic
444 815 597 852 quoque
636 802 823 839 laudatur
862 805 1018 839 novitas
1059 802 1281 849 argumenti
1313 804 1351 838 et
1384 801 1593 850 singularis
1624 801 1739 850 pudi-

249 871 353 908 citia.
374 890 421 895 —-
453 871 573 908 1025.
605 867 930 920 .S‘2tb2'gyitationes,
959 870 1168 919 impudicae
1196 870 1403 906 mulierum
1428 869 1737 915 attrectationes,

250 938 296 977 cf.
328 938 414 976 Mil.
449 939 540 976 653.
573 958 628 963 ——
671 940 790 976 1026.
821 937 944 987 pueri
974 935 1221 987 suppositio,
1254 941 1300 975 ut
1329 938 1370 974 in
1402 937 1653 974 Truculento.
1685 956 1747 962 -ν

249 1004 413 1057 argenti
445 1004 748 1055 circumductio,
781 1021 856 1056 qua
889 1007 1031 1061 eliquis
1064 1010 1228 1055 argento
1262 1004 1577 1051 circumducitur,
1611 1008 1655 1042 ut
1681 1008 1742 1041 est

249 1076 389 1113 Pseud.
432 1077 532 1121 4313
578 1077 782 1124 genetivus
821 1075 1040 1112 obiectivus
1080 1088 1218 1124 parum
1259 1077 1473 1111 accuratus.
1514 1093 1568 1098 —-
1618 1073 1738 1111 1027.

250 1141 396 1194 Neque
428 1141 495 1190 (sc.
522 1147 793 1191 argumentum
825 1143 887 1180 hic
919 1141 1144 1184 exhibetur)
1179 1138 1250 1179 ubi
1283 1145 1354 1179 etc.
1385 1161 1432 1167 —
1467 1138 1743 1189 10311plau-

250 1222 342 1249 sum
373 1209 465 1250 date
495 1216 587 1261 post
619 1209 784 1260 siquam
815 1208 900 1258 hoc,
934 1211 980 1249 cf.
1015 1212 1062 1248 ad
1094 1210 1235 1259 Amph.
1271 1211 1363 1247 952.
