<?xml version="1.0" encoding="UTF-8"?>
<!DOCTYPE html PUBLIC "-//W3C//DTD XHTML 1.0 Transitional//EN"
    "http://www.w3.org/TR/xhtml1/DTD/xhtml1-transitional.dtd">
<html xmlns="http://www.w3.org/1999/xhtml" xml:lang="en" lang="en">
 <head>
  <title>
</title>
<meta http-equiv="Content-Type" content="text/html;charset=utf-8" />
  <meta name='ocr-system' content='tesseract 3.04.00' />
  <meta name='ocr-capabilities' content='ocr_page ocr_carea ocr_par ocr_line ocrx_word'/>
</head>
<body>
  <div class='ocr_page' id='page_1' title='image "./comoediaerecensu02plauuoft_0506.png"; bbox 0 0 1897 3171; ppageno 0'>
   <div class='ocr_carea' id='block_1_1' title="bbox 259 164 1084 209">
    <p class='ocr_par' dir='ltr' id='par_1_1' title="bbox 259 164 1084 209">
     <span class='ocr_line' id='line_1_1' title="bbox 259 164 1084 209; baseline -0.01 -3"><span class='ocrx_word' id='word_1_1' title='bbox 259 168 340 206; x_wconf 81' lang='lat'>486</span> <span class='ocrx_word' id='word_1_2' title='bbox 928 164 1084 209; x_wconf 77' lang='lat' dir='ltr'>captiui.</span> 
     </span>
    </p>
   </div>
   <div class='ocr_carea' id='block_1_2' title="bbox 238 292 1750 2725">
    <p class='ocr_par' dir='ltr' id='par_1_2' title="bbox 258 292 1748 819">
     <span class='ocr_line' id='line_1_2' title="bbox 258 292 1744 343; baseline 0.001 -13"><span class='ocrx_word' id='word_1_3' title='bbox 258 306 417 343; x_wconf 86' lang='lat' dir='ltr'>possum</span> <span class='ocrx_word' id='word_1_4' title='bbox 447 293 569 342; x_wconf 83' lang='lat' dir='ltr'>magis</span> <span class='ocrx_word' id='word_1_5' title='bbox 600 292 745 329; x_wconf 76' lang='lat' dir='ltr'>factum</span> <span class='ocrx_word' id='word_1_6' title='bbox 775 292 894 340; x_wconf 87' lang='lat' dir='ltr'>uelle,</span> <span class='ocrx_word' id='word_1_7' title='bbox 934 306 970 331; x_wconf 89' lang='lat' dir='ltr'>v.</span> <span class='ocrx_word' id='word_1_8' title='bbox 1004 293 1054 330; x_wconf 87' lang='lat' dir='ltr'>ad</span> <span class='ocrx_word' id='word_1_9' title='bbox 1085 293 1216 331; x_wconf 88' lang='lat' dir='ltr'>Aulul.</span> <span class='ocrx_word' id='word_1_10' title='bbox 1252 294 1344 331; x_wconf 86' lang='lat'>224.</span> <span class='ocrx_word' id='word_1_11' title='bbox 1377 312 1432 318; x_wconf 93' lang='lat'>—-</span> <span class='ocrx_word' id='word_1_12' title='bbox 1465 295 1558 331; x_wconf 88' lang='lat'>425.</span> <span class='ocrx_word' id='word_1_13' title='bbox 1593 292 1744 331; x_wconf 58' lang='grc' dir='ltr'>1113Νο-</span> 
     </span>
     <span class='ocr_line' id='line_1_3' title="bbox 260 357 1746 410; baseline 0 -12"><span class='ocrx_word' id='word_1_14' title='bbox 260 361 359 407; x_wconf 88' lang='lat' dir='ltr'>nius,</span> <span class='ocrx_word' id='word_1_15' title='bbox 391 360 503 409; x_wconf 88' lang='lat' dir='ltr'>prob.</span> <span class='ocrx_word' id='word_1_16' title='bbox 521 360 678 398; x_wconf 77' lang='lat' dir='ltr'>Miiller.</span> <span class='ocrx_word' id='word_1_17' title='bbox 696 374 733 410; x_wconf 90' lang='lat' dir='ltr'>p.</span> <span class='ocrx_word' id='word_1_18' title='bbox 755 361 847 398; x_wconf 84' lang='grc'>211.</span> <span class='ocrx_word' id='word_1_19' title='bbox 909 357 1032 399; x_wconf 74' lang='lat' dir='ltr'>laudo</span> <span class='ocrx_word' id='word_1_20' title='bbox 1064 361 1212 398; x_wconf 88' lang='lat' dir='ltr'>Nonius</span> <span class='ocrx_word' id='word_1_21' title='bbox 1244 375 1281 410; x_wconf 91' lang='lat' dir='ltr'>p.</span> <span class='ocrx_word' id='word_1_22' title='bbox 1313 363 1411 399; x_wconf 85' lang='lat'>335:</span> <span class='ocrx_word' id='word_1_23' title='bbox 1449 361 1655 408; x_wconf 82' lang='lat' dir='ltr'>„Laudare</span> <span class='ocrx_word' id='word_1_24' title='bbox 1688 365 1746 398; x_wconf 86' lang='lat' dir='ltr'>est</span> 
     </span>
     <span class='ocr_line' id='line_1_4' title="bbox 260 428 1745 479; baseline 0.001 -13"><span class='ocrx_word' id='word_1_25' title='bbox 260 428 392 466; x_wconf 85' lang='lat' dir='ltr'>verbis</span> <span class='ocrx_word' id='word_1_26' title='bbox 424 428 571 465; x_wconf 89' lang='lat' dir='ltr'>ecferre</span> <span class='ocrx_word' id='word_1_27' title='bbox 599 459 606 466; x_wconf 91' lang='lat'>.</span> <span class='ocrx_word' id='word_1_28' title='bbox 627 459 635 466; x_wconf 95' lang='lat'>.</span> <span class='ocrx_word' id='word_1_29' title='bbox 655 428 872 466; x_wconf 82' lang='lat' dir='ltr'>..Plautus</span> <span class='ocrx_word' id='word_1_30' title='bbox 904 429 1100 479; x_wconf 81' lang='lat' dir='ltr'>Captiuis:</span> <span class='ocrx_word' id='word_1_31' title='bbox 1147 429 1186 465; x_wconf 90' lang='lat' dir='ltr'>id</span> <span class='ocrx_word' id='word_1_32' title='bbox 1216 433 1261 466; x_wconf 89' lang='lat' dir='ltr'>ut</span> <span class='ocrx_word' id='word_1_33' title='bbox 1293 431 1409 475; x_wconf 72' lang='lat' dir='ltr'>seias,</span> <span class='ocrx_word' id='word_1_34' title='bbox 1449 430 1583 467; x_wconf 89' lang='lat' dir='ltr'>Iouem</span> <span class='ocrx_word' id='word_1_35' title='bbox 1614 443 1745 479; x_wconf 87' lang='lat' dir='ltr'>supre-</span> 
     </span>
     <span class='ocr_line' id='line_1_5' title="bbox 259 495 1747 547; baseline 0 -13"><span class='ocrx_word' id='word_1_36' title='bbox 259 510 365 534; x_wconf 88' lang='lat' dir='ltr'>mum</span> <span class='ocrx_word' id='word_1_37' title='bbox 409 499 547 534; x_wconf 83' lang='lat' dir='ltr'>testem</span> <span class='ocrx_word' id='word_1_38' title='bbox 592 496 710 534; x_wconf 85' lang='lat' dir='ltr'>laudo</span> <span class='ocrx_word' id='word_1_39' title='bbox 754 495 897 545; x_wconf 78' lang='lat' dir='ltr'>Egio“.</span> <span class='ocrx_word' id='word_1_40' title='bbox 979 497 1232 534; x_wconf 86' lang='lat' dir='ltr'>Recentiores</span> <span class='ocrx_word' id='word_1_41' title='bbox 1286 497 1441 547; x_wconf 89' lang='lat' dir='ltr'>quidem</span> <span class='ocrx_word' id='word_1_42' title='bbox 1489 497 1575 536; x_wconf 91' lang='lat' dir='ltr'>edd.</span> <span class='ocrx_word' id='word_1_43' title='bbox 1622 498 1747 534; x_wconf 89' lang='lat' dir='ltr'>Reizii</span> 
     </span>
     <span class='ocr_line' id='line_1_6' title="bbox 261 563 1745 615; baseline 0.001 -14"><span class='ocrx_word' id='word_1_44' title='bbox 261 565 574 602; x_wconf 82' lang='lat' dir='ltr'>emendationem</span> <span class='ocrx_word' id='word_1_45' title='bbox 611 565 683 611; x_wconf 90' lang='lat' dir='ltr'>„do</span> <span class='ocrx_word' id='word_1_46' title='bbox 714 563 809 602; x_wconf 85' lang='lat' dir='ltr'>tibi“</span> <span class='ocrx_word' id='word_1_47' title='bbox 843 565 1123 615; x_wconf 71' lang='lat' dir='ltr'>praetulerunt,</span> <span class='ocrx_word' id='word_1_48' title='bbox 1172 565 1240 602; x_wconf 86' lang='lat' dir='ltr'>sed</span> <span class='ocrx_word' id='word_1_49' title='bbox 1271 579 1340 602; x_wconf 88' lang='lat' dir='ltr'>neo</span> <span class='ocrx_word' id='word_1_50' title='bbox 1379 565 1508 602; x_wconf 85' lang='lat' dir='ltr'>hiatus</span> <span class='ocrx_word' id='word_1_51' title='bbox 1549 565 1745 602; x_wconf 83' lang='lat' dir='ltr'>offendere</span> 
     </span>
     <span class='ocr_line' id='line_1_7' title="bbox 261 632 1748 680; baseline 0.002 -11"><span class='ocrx_word' id='word_1_52' title='bbox 261 632 395 679; x_wconf 86' lang='lat' dir='ltr'>debet,</span> <span class='ocrx_word' id='word_1_53' title='bbox 428 646 463 669; x_wconf 87' lang='lat' dir='ltr'>v.</span> <span class='ocrx_word' id='word_1_54' title='bbox 499 634 599 680; x_wconf 86' lang='lat'>336,</span> <span class='ocrx_word' id='word_1_55' title='bbox 640 647 708 669; x_wconf 83' lang='lat' dir='ltr'>neo</span> <span class='ocrx_word' id='word_1_56' title='bbox 740 634 805 671; x_wconf 87' lang='lat' dir='ltr'>ille</span> <span class='ocrx_word' id='word_1_57' title='bbox 837 633 948 671; x_wconf 87' lang='lat' dir='ltr'>verbi</span> <span class='ocrx_word' id='word_1_58' title='bbox 978 647 1070 670; x_wconf 86' lang='lat' dir='ltr'>usus</span> <span class='ocrx_word' id='word_1_59' title='bbox 1101 647 1178 671; x_wconf 88' lang='grc'>11011</span> <span class='ocrx_word' id='word_1_60' title='bbox 1211 634 1306 670; x_wconf 82' lang='lat' dir='ltr'>satis</span> <span class='ocrx_word' id='word_1_61' title='bbox 1338 636 1467 671; x_wconf 88' lang='lat' dir='ltr'>certus</span> <span class='ocrx_word' id='word_1_62' title='bbox 1500 638 1577 680; x_wconf 87' lang='lat' dir='ltr'>est,</span> <span class='ocrx_word' id='word_1_63' title='bbox 1616 634 1678 671; x_wconf 83' lang='lat' dir='ltr'>vel</span> <span class='ocrx_word' id='word_1_64' title='bbox 1708 636 1748 672; x_wconf 91' lang='lat' dir='ltr'>in</span> 
     </span>
     <span class='ocr_line' id='line_1_8' title="bbox 262 700 1744 751; baseline 0.002 -14"><span class='ocrx_word' id='word_1_65' title='bbox 262 700 488 738; x_wconf 84' lang='lat' dir='ltr'>auctoribus</span> <span class='ocrx_word' id='word_1_66' title='bbox 525 701 733 738; x_wconf 84' lang='lat' dir='ltr'>laudandis</span> <span class='ocrx_word' id='word_1_67' title='bbox 773 702 1011 739; x_wconf 84' lang='lat' dir='ltr'>notissimus,</span> <span class='ocrx_word' id='word_1_68' title='bbox 1051 722 1107 726; x_wconf 92' lang='lat'><strong>—</strong></span> <span class='ocrx_word' id='word_1_69' title='bbox 1152 702 1244 739; x_wconf 84' lang='lat'>427.</span> <span class='ocrx_word' id='word_1_70' title='bbox 1293 711 1415 751; x_wconf 74' lang='lat' dir='ltr'>Quam</span> <span class='ocrx_word' id='word_1_71' title='bbox 1452 703 1619 750; x_wconf 69' lang='lat' dir='ltr'>memet,</span> <span class='ocrx_word' id='word_1_72' title='bbox 1656 705 1680 740; x_wconf 89' lang='lat' dir='ltr'>i.</span> <span class='ocrx_word' id='word_1_73' title='bbox 1714 717 1744 740; x_wconf 86' lang='lat' dir='ltr'>e.</span> 
     </span>
     <span class='ocr_line' id='line_1_9' title="bbox 262 768 1433 819; baseline 0.001 -13"><span class='ocrx_word' id='word_1_74' title='bbox 262 783 378 819; x_wconf 85' lang='lat' dir='ltr'>quam</span> <span class='ocrx_word' id='word_1_75' title='bbox 407 770 575 818; x_wconf 88' lang='lat' dir='ltr'>ipsemet</span> <span class='ocrx_word' id='word_1_76' title='bbox 605 768 756 815; x_wconf 80' lang='lat' dir='ltr'>faciam,</span> <span class='ocrx_word' id='word_1_77' title='bbox 789 783 824 806; x_wconf 85' lang='lat' dir='ltr'>v.</span> <span class='ocrx_word' id='word_1_78' title='bbox 857 769 1030 817; x_wconf 77' lang='lat' dir='ltr'>Madvig.</span> <span class='ocrx_word' id='word_1_79' title='bbox 1064 769 1130 807; x_wconf 88' lang='lat' dir='ltr'>Gr.</span> <span class='ocrx_word' id='word_1_80' title='bbox 1164 769 1250 807; x_wconf 77' lang='lat' dir='ltr'>Lat.</span> <span class='ocrx_word' id='word_1_81' title='bbox 1285 771 1364 807; x_wconf 82' lang='lat'>402</span> <span class='ocrx_word' id='word_1_82' title='bbox 1397 770 1433 807; x_wconf 89' lang='lat' dir='ltr'>b.</span> 
     </span>
    </p>

    <p class='ocr_par' dir='ltr' id='par_1_3' title="bbox 238 834 1750 2725">
     <span class='ocr_line' id='line_1_10' title="bbox 375 834 1746 886; baseline 0.001 -12"><span class='ocrx_word' id='word_1_83' title='bbox 375 838 467 874; x_wconf 86' lang='lat'>428.</span> <span class='ocrx_word' id='word_1_84' title='bbox 516 834 707 885; x_wconf 66' lang='lat' dir='ltr'>expedire</span> <span class='ocrx_word' id='word_1_85' title='bbox 744 836 803 875; x_wconf 87' lang='lat' dir='ltr'>Fl.</span> <span class='ocrx_word' id='word_1_86' title='bbox 846 851 938 883; x_wconf 85' lang='lat' dir='ltr'>em.,</span> <span class='ocrx_word' id='word_1_87' title='bbox 985 839 1009 875; x_wconf 92' lang='lat' dir='ltr'>i.</span> <span class='ocrx_word' id='word_1_88' title='bbox 1044 852 1075 875; x_wconf 88' lang='lat' dir='ltr'>e.</span> <span class='ocrx_word' id='word_1_89' title='bbox 1109 837 1158 874; x_wconf 85' lang='lat' dir='ltr'>ad</span> <span class='ocrx_word' id='word_1_90' title='bbox 1200 837 1379 874; x_wconf 85' lang='lat' dir='ltr'>effectum</span> <span class='ocrx_word' id='word_1_91' title='bbox 1419 837 1646 886; x_wconf 83' lang='lat' dir='ltr'>perducere.</span> <span class='ocrx_word' id='word_1_92' title='bbox 1699 858 1746 863; x_wconf 91' lang='lat'>·-</span> 
     </span>
     <span class='ocr_line' id='line_1_11' title="bbox 261 902 1747 954; baseline 0 -11"><span class='ocrx_word' id='word_1_93' title='bbox 261 902 406 954; x_wconf 69' lang='lat' dir='ltr'>operis,</span> <span class='ocrx_word' id='word_1_94' title='bbox 438 919 473 942; x_wconf 87' lang='lat' dir='ltr'>v.</span> <span class='ocrx_word' id='word_1_95' title='bbox 507 905 557 942; x_wconf 81' lang='lat' dir='ltr'>ad</span> <span class='ocrx_word' id='word_1_96' title='bbox 587 904 726 942; x_wconf 77' lang='lat' dir='ltr'>Bacch.</span> <span class='ocrx_word' id='word_1_97' title='bbox 759 906 825 942; x_wconf 84' lang='lat'>43.</span> <span class='ocrx_word' id='word_1_98' title='bbox 861 924 907 929; x_wconf 88' lang='lat'>—</span> <span class='ocrx_word' id='word_1_99' title='bbox 944 905 1037 942; x_wconf 85' lang='lat'>429.</span> <span class='ocrx_word' id='word_1_100' title='bbox 1072 915 1171 953; x_wconf 74' lang='lat' dir='ltr'>quo,</span> <span class='ocrx_word' id='word_1_101' title='bbox 1205 905 1364 942; x_wconf 79' lang='lat' dir='ltr'>auditur</span> <span class='ocrx_word' id='word_1_102' title='bbox 1395 905 1747 943; x_wconf 80' lang='lat' dir='ltr'>demonstrativum</span> 
     </span>
     <span class='ocr_line' id='line_1_12' title="bbox 266 972 1748 1023; baseline 0.001 -13"><span class='ocrx_word' id='word_1_103' title='bbox 266 974 337 1021; x_wconf 73' lang='lat' dir='ltr'>„ad</span> <span class='ocrx_word' id='word_1_104' title='bbox 368 972 448 1020; x_wconf 88' lang='lat' dir='ltr'>id“,</span> <span class='ocrx_word' id='word_1_105' title='bbox 481 987 517 1010; x_wconf 86' lang='lat' dir='ltr'>v.</span> <span class='ocrx_word' id='word_1_106' title='bbox 548 973 689 1021; x_wconf 85' lang='lat' dir='ltr'>Amph.</span> <span class='ocrx_word' id='word_1_107' title='bbox 726 974 788 1010; x_wconf 90' lang='lat'>38.</span> <span class='ocrx_word' id='word_1_108' title='bbox 849 972 1055 1009; x_wconf 76' lang='lat' dir='ltr'>Ablativus</span> <span class='ocrx_word' id='word_1_109' title='bbox 1094 976 1221 1010; x_wconf 83' lang='lat' dir='ltr'>autem</span> <span class='ocrx_word' id='word_1_110' title='bbox 1255 973 1485 1010; x_wconf 70' lang='lat' dir='ltr'>differentiae</span> <span class='ocrx_word' id='word_1_111' title='bbox 1517 978 1594 1020; x_wconf 81' lang='lat' dir='ltr'>est3</span> <span class='ocrx_word' id='word_1_112' title='bbox 1643 974 1748 1023; x_wconf 86' lang='lat' dir='ltr'>quod</span> 
     </span>
     <span class='ocr_line' id='line_1_13' title="bbox 259 1040 1746 1091; baseline 0.002 -14"><span class='ocrx_word' id='word_1_113' title='bbox 259 1043 383 1091; x_wconf 81' lang='lat' dir='ltr'>priori</span> <span class='ocrx_word' id='word_1_114' title='bbox 423 1041 680 1078; x_wconf 78' lang='lat' dir='ltr'>admonitioni</span> <span class='ocrx_word' id='word_1_115' title='bbox 721 1040 854 1078; x_wconf 81' lang='lat' dir='ltr'>deesse</span> <span class='ocrx_word' id='word_1_116' title='bbox 893 1041 1122 1087; x_wconf 79' lang='lat' dir='ltr'>videbatur,</span> <span class='ocrx_word' id='word_1_117' title='bbox 1170 1041 1208 1077; x_wconf 90' lang='lat' dir='ltr'>id</span> <span class='ocrx_word' id='word_1_118' title='bbox 1250 1041 1455 1079; x_wconf 75' lang='lat' dir='ltr'>additurus</span> <span class='ocrx_word' id='word_1_119' title='bbox 1496 1046 1565 1080; x_wconf 86' lang='lat' dir='ltr'>est.</span> <span class='ocrx_word' id='word_1_120' title='bbox 1640 1042 1746 1081; x_wconf 82' lang='lat' dir='ltr'>Brix.</span> 
     </span>
     <span class='ocr_line' id='line_1_14' title="bbox 261 1108 1748 1159; baseline 0.001 -13"><span class='ocrx_word' id='word_1_121' title='bbox 261 1112 504 1159; x_wconf 80' lang='lat' dir='ltr'>comparavit</span> <span class='ocrx_word' id='word_1_122' title='bbox 534 1109 620 1146; x_wconf 82' lang='lat' dir='ltr'>Ter.</span> <span class='ocrx_word' id='word_1_123' title='bbox 653 1109 774 1146; x_wconf 87' lang='lat' dir='ltr'>Andr.</span> <span class='ocrx_word' id='word_1_124' title='bbox 809 1110 910 1146; x_wconf 82' lang='lat'>655:</span> <span class='ocrx_word' id='word_1_125' title='bbox 964 1108 1108 1155; x_wconf 81' lang='lat' dir='ltr'>„Immo</span> <span class='ocrx_word' id='word_1_126' title='bbox 1142 1111 1280 1156; x_wconf 79' lang='lat' dir='ltr'>etiam,</span> <span class='ocrx_word' id='word_1_127' title='bbox 1323 1123 1399 1159; x_wconf 87' lang='lat' dir='ltr'>quo</span> <span class='ocrx_word' id='word_1_128' title='bbox 1438 1114 1481 1147; x_wconf 86' lang='lat' dir='ltr'>tu</span> <span class='ocrx_word' id='word_1_129' title='bbox 1512 1111 1640 1148; x_wconf 89' lang='lat' dir='ltr'>minus</span> <span class='ocrx_word' id='word_1_130' title='bbox 1673 1113 1748 1148; x_wconf 85' lang='lat' dir='ltr'>scis</span> 
     </span>
     <span class='ocr_line' id='line_1_15' title="bbox 261 1176 1747 1227; baseline 0.001 -14"><span class='ocrx_word' id='word_1_131' title='bbox 261 1191 463 1214; x_wconf 81' lang='lat' dir='ltr'>aerumnas</span> <span class='ocrx_word' id='word_1_132' title='bbox 502 1191 626 1224; x_wconf 83' lang='lat' dir='ltr'>meas,</span> <span class='ocrx_word' id='word_1_133' title='bbox 674 1177 745 1214; x_wconf 81' lang='lat' dir='ltr'>hae</span> <span class='ocrx_word' id='word_1_134' title='bbox 790 1179 953 1227; x_wconf 76' lang='lat' dir='ltr'>nuptiae</span> <span class='ocrx_word' id='word_1_135' title='bbox 992 1192 1071 1215; x_wconf 90' lang='lat' dir='ltr'>non</span> <span class='ocrx_word' id='word_1_136' title='bbox 1113 1178 1411 1227; x_wconf 73' lang='lat' dir='ltr'>adparabantur</span> <span class='ocrx_word' id='word_1_137' title='bbox 1451 1176 1586 1216; x_wconf 86' lang='lat' dir='ltr'>mihi“.</span> <span class='ocrx_word' id='word_1_138' title='bbox 1648 1178 1747 1216; x_wconf 88' lang='lat' dir='ltr'>Eun.</span> 
     </span>
     <span class='ocr_line' id='line_1_16' title="bbox 261 1244 1748 1294; baseline 0.001 -12"><span class='ocrx_word' id='word_1_139' title='bbox 261 1247 361 1282; x_wconf 78' lang='lat'><strong>737:</strong></span> <span class='ocrx_word' id='word_1_140' title='bbox 412 1246 606 1293; x_wconf 82' lang='lat' dir='ltr'>„correxit</span> <span class='ocrx_word' id='word_1_141' title='bbox 647 1246 775 1291; x_wconf 86' lang='lat' dir='ltr'>miles,</span> <span class='ocrx_word' id='word_1_142' title='bbox 824 1258 900 1294; x_wconf 89' lang='lat' dir='ltr'>quo</span> <span class='ocrx_word' id='word_1_143' title='bbox 939 1246 1115 1282; x_wconf 71' lang='lat' dir='ltr'>intellexi</span> <span class='ocrx_word' id='word_1_144' title='bbox 1154 1244 1317 1283; x_wconf 72' lang='lat' dir='ltr'>minus“.</span> <span class='ocrx_word' id='word_1_145' title='bbox 1395 1245 1522 1292; x_wconf 79' lang='lat' dir='ltr'>Quare</span> <span class='ocrx_word' id='word_1_146' title='bbox 1562 1260 1631 1283; x_wconf 87' lang='lat' dir='ltr'>neo</span> <span class='ocrx_word' id='word_1_147' title='bbox 1663 1260 1748 1283; x_wconf 88' lang='lat' dir='ltr'>oum</span> 
     </span>
     <span class='ocr_line' id='line_1_17' title="bbox 259 1312 1750 1364; baseline 0.001 -14"><span class='ocrx_word' id='word_1_148' title='bbox 259 1313 319 1350; x_wconf 86' lang='lat' dir='ltr'>Fl.</span> <span class='ocrx_word' id='word_1_149' title='bbox 356 1312 520 1363; x_wconf 49' lang='lat' dir='ltr'>„quous</span> <span class='ocrx_word' id='word_1_150' title='bbox 558 1313 821 1359; x_wconf 77' lang='lat' dir='ltr'>scribendum,</span> <span class='ocrx_word' id='word_1_151' title='bbox 854 1326 925 1350; x_wconf 88' lang='grc'>1100</span> <span class='ocrx_word' id='word_1_152' title='bbox 957 1327 1041 1350; x_wconf 87' lang='grc'>011111</span> <span class='ocrx_word' id='word_1_153' title='bbox 1075 1315 1159 1352; x_wconf 84' lang='lat' dir='ltr'>cod.</span> <span class='ocrx_word' id='word_1_154' title='bbox 1186 1314 1285 1351; x_wconf 87' lang='lat' dir='ltr'>Brit.</span> <span class='ocrx_word' id='word_1_155' title='bbox 1316 1313 1483 1363; x_wconf 73' lang='lat' dir='ltr'>„quod“.</span> <span class='ocrx_word' id='word_1_156' title='bbox 1538 1314 1612 1352; x_wconf 85' lang='lat' dir='ltr'>Sed</span> <span class='ocrx_word' id='word_1_157' title='bbox 1644 1315 1750 1364; x_wconf 88' lang='lat' dir='ltr'>quod</span> 
     </span>
     <span class='ocr_line' id='line_1_18' title="bbox 262 1379 1749 1432; baseline 0.001 -14"><span class='ocrx_word' id='word_1_158' title='bbox 262 1383 440 1431; x_wconf 87' lang='lat' dir='ltr'>sequitur</span> <span class='ocrx_word' id='word_1_159' title='bbox 472 1379 520 1419; x_wconf 76' lang='lat' dir='ltr'>de</span> <span class='ocrx_word' id='word_1_160' title='bbox 554 1383 589 1419; x_wconf 76' lang='lat' dir='ltr'>l‘e</span> <span class='ocrx_word' id='word_1_161' title='bbox 621 1384 849 1430; x_wconf 85' lang='lat' dir='ltr'>corruptum</span> <span class='ocrx_word' id='word_1_162' title='bbox 882 1384 952 1417; x_wconf 78' lang='lat' dir='ltr'>est.</span> <span class='ocrx_word' id='word_1_163' title='bbox 1022 1381 1075 1420; x_wconf 90' lang='lat' dir='ltr'>Ut</span> <span class='ocrx_word' id='word_1_164' title='bbox 1112 1383 1151 1418; x_wconf 91' lang='lat' dir='ltr'>in</span> <span class='ocrx_word' id='word_1_165' title='bbox 1190 1383 1383 1431; x_wconf 87' lang='lat' dir='ltr'>superiori</span> <span class='ocrx_word' id='word_1_166' title='bbox 1424 1395 1539 1419; x_wconf 78' lang='lat' dir='ltr'>versu</span> <span class='ocrx_word' id='word_1_167' title='bbox 1570 1396 1589 1419; x_wconf 91' lang='lat' dir='ltr'>r</span> <span class='ocrx_word' id='word_1_168' title='bbox 1619 1397 1692 1432; x_wconf 87' lang='lat' dir='ltr'>pro</span> <span class='ocrx_word' id='word_1_169' title='bbox 1725 1383 1749 1420; x_wconf 91' lang='lat' dir='ltr'>d</span> 
     </span>
     <span class='ocr_line' id='line_1_19' title="bbox 260 1449 1748 1501; baseline 0 -14"><span class='ocrx_word' id='word_1_170' title='bbox 260 1453 447 1499; x_wconf 83' lang='lat' dir='ltr'>scriptum</span> <span class='ocrx_word' id='word_1_171' title='bbox 480 1453 574 1495; x_wconf 83' lang='lat' dir='ltr'>erat,</span> <span class='ocrx_word' id='word_1_172' title='bbox 608 1450 662 1486; x_wconf 83' lang='lat' dir='ltr'>ita</span> <span class='ocrx_word' id='word_1_173' title='bbox 692 1449 728 1486; x_wconf 91' lang='lat' dir='ltr'>h.</span> <span class='ocrx_word' id='word_1_174' title='bbox 762 1449 786 1486; x_wconf 91' lang='lat' dir='ltr'>l.</span> <span class='ocrx_word' id='word_1_175' title='bbox 821 1449 843 1484; x_wconf 86' lang='lat' dir='ltr'>d</span> <span class='ocrx_word' id='word_1_176' title='bbox 875 1462 947 1498; x_wconf 87' lang='lat' dir='ltr'>pro</span> <span class='ocrx_word' id='word_1_177' title='bbox 980 1463 998 1485; x_wconf 89' lang='lat' dir='ltr'>r</span> <span class='ocrx_word' id='word_1_178' title='bbox 1029 1451 1216 1498; x_wconf 83' lang='lat' dir='ltr'>scriptum</span> <span class='ocrx_word' id='word_1_179' title='bbox 1248 1450 1423 1497; x_wconf 89' lang='lat' dir='ltr'>videtur,</span> <span class='ocrx_word' id='word_1_180' title='bbox 1476 1450 1548 1497; x_wconf 87' lang='lat' dir='ltr'>„de</span> <span class='ocrx_word' id='word_1_181' title='bbox 1579 1449 1641 1487; x_wconf 79' lang='lat' dir='ltr'>te“</span> <span class='ocrx_word' id='word_1_182' title='bbox 1676 1464 1748 1501; x_wconf 87' lang='lat' dir='ltr'>pro</span> 
     </span>
     <span class='ocr_line' id='line_1_20' title="bbox 238 1514 1749 1569; baseline 0.001 -13"><span class='ocrx_word' id='word_1_183' title='bbox 238 1519 377 1556; x_wconf 51' lang='lat' dir='ltr'>specte.</span> <span class='ocrx_word' id='word_1_184' title='bbox 405 1538 460 1543; x_wconf 92' lang='lat'>—</span> <span class='ocrx_word' id='word_1_185' title='bbox 491 1519 584 1555; x_wconf 83' lang='lat'>430.</span> <span class='ocrx_word' id='word_1_186' title='bbox 625 1528 721 1555; x_wconf 74' lang='lat' dir='ltr'>caue</span> <span class='ocrx_word' id='word_1_187' title='bbox 752 1517 794 1554; x_wconf 66' lang='lat' dir='ltr'>tu</span> <span class='ocrx_word' id='word_1_188' title='bbox 825 1517 995 1554; x_wconf 81' lang='lat' dir='ltr'>Bosscha</span> <span class='ocrx_word' id='word_1_189' title='bbox 1028 1518 1170 1566; x_wconf 74' lang='lat' dir='ltr'>aliique</span> <span class='ocrx_word' id='word_1_190' title='bbox 1202 1531 1275 1555; x_wconf 88' lang='lat' dir='ltr'>em.</span> <span class='ocrx_word' id='word_1_191' title='bbox 1309 1538 1365 1544; x_wconf 87' lang='lat'>-—</span> <span class='ocrx_word' id='word_1_192' title='bbox 1389 1520 1483 1556; x_wconf 82' lang='lat'>431.</span> <span class='ocrx_word' id='word_1_193' title='bbox 1517 1514 1611 1567; x_wconf 76' lang='lat' dir='ltr'>Sed,</span> <span class='ocrx_word' id='word_1_194' title='bbox 1645 1520 1749 1569; x_wconf 88' lang='lat' dir='ltr'>quod</span> 
     </span>
     <span class='ocr_line' id='line_1_21' title="bbox 257 1585 1747 1636; baseline 0.002 -14"><span class='ocrx_word' id='word_1_195' title='bbox 257 1586 288 1623; x_wconf 90' lang='lat' dir='ltr'>B</span> <span class='ocrx_word' id='word_1_196' title='bbox 321 1589 358 1622; x_wconf 91' lang='lat' dir='ltr'>et</span> <span class='ocrx_word' id='word_1_197' title='bbox 389 1586 475 1623; x_wconf 88' lang='lat' dir='ltr'>edd.</span> <span class='ocrx_word' id='word_1_198' title='bbox 509 1585 705 1635; x_wconf 85' lang='lat' dir='ltr'>praebent,</span> <span class='ocrx_word' id='word_1_199' title='bbox 753 1587 983 1622; x_wconf 75' lang='lat' dir='ltr'>sententiam</span> <span class='ocrx_word' id='word_1_200' title='bbox 1018 1586 1093 1623; x_wconf 83' lang='grc'>1001</span> <span class='ocrx_word' id='word_1_201' title='bbox 1124 1588 1338 1636; x_wconf 76' lang='lat' dir='ltr'>pervertit,</span> <span class='ocrx_word' id='word_1_202' title='bbox 1383 1587 1466 1624; x_wconf 86' lang='lat' dir='ltr'>cod.</span> <span class='ocrx_word' id='word_1_203' title='bbox 1500 1587 1596 1625; x_wconf 84' lang='lat' dir='ltr'>Brit.</span> <span class='ocrx_word' id='word_1_204' title='bbox 1632 1586 1747 1635; x_wconf 73' lang='lat' dir='ltr'>„Se‘*,</span> 
     </span>
     <span class='ocr_line' id='line_1_22' title="bbox 258 1650 1746 1704; baseline 0.001 -12"><span class='ocrx_word' id='word_1_205' title='bbox 258 1654 439 1704; x_wconf 86' lang='lat' dir='ltr'>equidem</span> <span class='ocrx_word' id='word_1_206' title='bbox 472 1650 539 1692; x_wconf 66' lang='lat' dir='ltr'>Sec</span> <span class='ocrx_word' id='word_1_207' title='bbox 569 1654 725 1703; x_wconf 82' lang='lat' dir='ltr'>scripsi3</span> <span class='ocrx_word' id='word_1_208' title='bbox 759 1653 820 1690; x_wconf 86' lang='lat' dir='ltr'>hic</span> <span class='ocrx_word' id='word_1_209' title='bbox 852 1655 955 1690; x_wconf 88' lang='lat' dir='ltr'>enim</span> <span class='ocrx_word' id='word_1_210' title='bbox 987 1655 1123 1703; x_wconf 89' lang='lat' dir='ltr'>incipit</span> <span class='ocrx_word' id='word_1_211' title='bbox 1155 1668 1255 1692; x_wconf 80' lang='lat' dir='ltr'>nova</span> <span class='ocrx_word' id='word_1_212' title='bbox 1287 1655 1366 1701; x_wconf 82' lang='lat' dir='ltr'>illa,</span> <span class='ocrx_word' id='word_1_213' title='bbox 1400 1669 1514 1703; x_wconf 85' lang='lat' dir='ltr'>quam</span> <span class='ocrx_word' id='word_1_214' title='bbox 1546 1656 1746 1704; x_wconf 77' lang='lat' dir='ltr'>indicavit,</span> 
     </span>
     <span class='ocr_line' id='line_1_23' title="bbox 258 1722 1748 1771; baseline 0.001 -12"><span class='ocrx_word' id='word_1_215' title='bbox 258 1723 486 1760; x_wconf 84' lang='lat' dir='ltr'>admonitio.</span> <span class='ocrx_word' id='word_1_216' title='bbox 562 1722 641 1763; x_wconf 78' lang='lat' dir='ltr'>Sic.</span> <span class='ocrx_word' id='word_1_217' title='bbox 688 1723 832 1771; x_wconf 77' lang='lat' dir='ltr'>inquit,</span> <span class='ocrx_word' id='word_1_218' title='bbox 880 1725 905 1760; x_wconf 89' lang='grc'>1.</span> <span class='ocrx_word' id='word_1_219' title='bbox 941 1736 971 1760; x_wconf 83' lang='grc'>0.</span> <span class='ocrx_word' id='word_1_220' title='bbox 1006 1736 1051 1759; x_wconf 83' lang='lat' dir='ltr'>ea</span> <span class='ocrx_word' id='word_1_221' title='bbox 1083 1723 1329 1769; x_wconf 86' lang='lat' dir='ltr'>condicione,</span> <span class='ocrx_word' id='word_1_222' title='bbox 1377 1727 1416 1759; x_wconf 89' lang='lat' dir='ltr'>te</span> <span class='ocrx_word' id='word_1_223' title='bbox 1455 1722 1609 1760; x_wconf 88' lang='lat' dir='ltr'>domum</span> <span class='ocrx_word' id='word_1_224' title='bbox 1642 1725 1748 1761; x_wconf 81' lang='lat' dir='ltr'>mitti</span> 
     </span>
     <span class='ocr_line' id='line_1_24' title="bbox 259 1787 1747 1840; baseline 0.001 -12"><span class='ocrx_word' id='word_1_225' title='bbox 259 1792 438 1840; x_wconf 81' lang='lat' dir='ltr'>cogitato,</span> <span class='ocrx_word' id='word_1_226' title='bbox 472 1805 518 1828; x_wconf 93' lang='lat' dir='ltr'>ne</span> <span class='ocrx_word' id='word_1_227' title='bbox 550 1804 611 1827; x_wconf 88' lang='lat' dir='ltr'>me</span> <span class='ocrx_word' id='word_1_228' title='bbox 641 1787 825 1839; x_wconf 58' lang='lat' dir='ltr'>iquores,</span> <span class='ocrx_word' id='word_1_229' title='bbox 858 1791 920 1827; x_wconf 82' lang='lat' dir='ltr'>vel</span> <span class='ocrx_word' id='word_1_230' title='bbox 951 1791 1213 1837; x_wconf 73' lang='lat' dir='ltr'>obliviscaris,</span> <span class='ocrx_word' id='word_1_231' title='bbox 1257 1804 1372 1840; x_wconf 81' lang='lat' dir='ltr'>quun]</span> <span class='ocrx_word' id='word_1_232' title='bbox 1405 1793 1574 1840; x_wconf 89' lang='lat' dir='ltr'>primum</span> <span class='ocrx_word' id='word_1_233' title='bbox 1607 1805 1626 1828; x_wconf 91' lang='lat' dir='ltr'>e</span> <span class='ocrx_word' id='word_1_234' title='bbox 1658 1806 1747 1830; x_wconf 88' lang='lat' dir='ltr'>con-</span> 
     </span>
     <span class='ocr_line' id='line_1_25' title="bbox 258 1856 1745 1908; baseline 0.002 -13"><span class='ocrx_word' id='word_1_235' title='bbox 258 1863 395 1908; x_wconf 85' lang='lat' dir='ltr'>spectu</span> <span class='ocrx_word' id='word_1_236' title='bbox 433 1859 589 1896; x_wconf 83' lang='lat' dir='ltr'>abieris.</span> <span class='ocrx_word' id='word_1_237' title='bbox 659 1869 779 1907; x_wconf 66' lang='lat' dir='ltr'>(suom</span> <span class='ocrx_word' id='word_1_238' title='bbox 818 1856 1040 1907; x_wconf 51' lang='lat' dir='ltr'>extemplo,</span> <span class='ocrx_word' id='word_1_239' title='bbox 1087 1873 1121 1897; x_wconf 83' lang='lat' dir='ltr'>v,</span> <span class='ocrx_word' id='word_1_240' title='bbox 1156 1859 1204 1896; x_wconf 83' lang='lat' dir='ltr'>ad</span> <span class='ocrx_word' id='word_1_241' title='bbox 1244 1859 1384 1908; x_wconf 84' lang='lat' dir='ltr'>Amph.</span> <span class='ocrx_word' id='word_1_242' title='bbox 1420 1860 1511 1897; x_wconf 86' lang='lat'>858.</span> <span class='ocrx_word' id='word_1_243' title='bbox 1552 1879 1606 1884; x_wconf 93' lang='lat'><strong>—</strong></span> <span class='ocrx_word' id='word_1_244' title='bbox 1652 1861 1745 1898; x_wconf 87' lang='lat'>434.</span> 
     </span>
     <span class='ocr_line' id='line_1_26' title="bbox 258 1926 1746 1973; baseline 0.001 -10"><span class='ocrx_word' id='word_1_245' title='bbox 258 1926 355 1964; x_wconf 85' lang='lat' dir='ltr'>Post</span> <span class='ocrx_word' id='word_1_246' title='bbox 396 1926 432 1964; x_wconf 76' lang='grc' dir='ltr'>ΐθ</span> <span class='ocrx_word' id='word_1_247' title='bbox 468 1926 610 1973; x_wconf 80' lang='lat' dir='ltr'>hiatus,</span> <span class='ocrx_word' id='word_1_248' title='bbox 644 1926 792 1964; x_wconf 84' lang='lat' dir='ltr'>Ritsch.</span> <span class='ocrx_word' id='word_1_249' title='bbox 829 1926 960 1970; x_wconf 71' lang='lat' dir='ltr'>..ted“.</span> <span class='ocrx_word' id='word_1_250' title='bbox 1032 1926 1143 1964; x_wconf 88' lang='lat' dir='ltr'>Hunc</span> <span class='ocrx_word' id='word_1_251' title='bbox 1183 1941 1337 1964; x_wconf 86' lang='lat' dir='ltr'>versum</span> <span class='ocrx_word' id='word_1_252' title='bbox 1375 1926 1435 1964; x_wconf 86' lang='lat' dir='ltr'>Fl.</span> <span class='ocrx_word' id='word_1_253' title='bbox 1470 1931 1508 1964; x_wconf 88' lang='lat' dir='ltr'>et</span> <span class='ocrx_word' id='word_1_254' title='bbox 1539 1927 1603 1965; x_wconf 72' lang='grc' dir='ltr'>ΒΓ.</span> <span class='ocrx_word' id='word_1_255' title='bbox 1636 1930 1746 1965; x_wconf 85' lang='lat' dir='ltr'>uncis</span> 
     </span>
     <span class='ocr_line' id='line_1_27' title="bbox 258 1995 1747 2044; baseline 0.001 -13"><span class='ocrx_word' id='word_1_256' title='bbox 258 1995 512 2042; x_wconf 79' lang='lat' dir='ltr'>incluserunt,</span> <span class='ocrx_word' id='word_1_257' title='bbox 552 2009 594 2031; x_wconf 79' lang='lat' dir='ltr'>ac</span> <span class='ocrx_word' id='word_1_258' title='bbox 627 2008 717 2032; x_wconf 77' lang='lat' dir='ltr'>sane</span> <span class='ocrx_word' id='word_1_259' title='bbox 750 1995 884 2032; x_wconf 86' lang='lat' dir='ltr'>abesse</span> <span class='ocrx_word' id='word_1_260' title='bbox 915 1997 1066 2044; x_wconf 74' lang='lat' dir='ltr'>potuit,</span> <span class='ocrx_word' id='word_1_261' title='bbox 1108 1995 1175 2032; x_wconf 86' lang='lat' dir='ltr'>sed</span> <span class='ocrx_word' id='word_1_262' title='bbox 1207 1997 1246 2032; x_wconf 88' lang='lat' dir='ltr'>in</span> <span class='ocrx_word' id='word_1_263' title='bbox 1280 1995 1469 2032; x_wconf 84' lang='lat' dir='ltr'>eiusmodi</span> <span class='ocrx_word' id='word_1_264' title='bbox 1503 1996 1747 2033; x_wconf 83' lang='lat' dir='ltr'>sermonibus</span> 
     </span>
     <span class='ocr_line' id='line_1_28' title="bbox 259 2063 1747 2113; baseline 0.001 -13"><span class='ocrx_word' id='word_1_265' title='bbox 259 2063 423 2100; x_wconf 77' lang='lat' dir='ltr'>Plautus</span> <span class='ocrx_word' id='word_1_266' title='bbox 454 2063 656 2099; x_wconf 84' lang='lat' dir='ltr'>verbosior</span> <span class='ocrx_word' id='word_1_267' title='bbox 688 2077 771 2100; x_wconf 88' lang='lat' dir='ltr'>esse</span> <span class='ocrx_word' id='word_1_268' title='bbox 803 2064 913 2110; x_wconf 85' lang='lat' dir='ltr'>solet,</span> <span class='ocrx_word' id='word_1_269' title='bbox 948 2077 1064 2112; x_wconf 75' lang='lat' dir='ltr'>quam</span> <span class='ocrx_word' id='word_1_270' title='bbox 1096 2063 1209 2100; x_wconf 85' lang='lat' dir='ltr'>nobis</span> <span class='ocrx_word' id='word_1_271' title='bbox 1241 2077 1338 2113; x_wconf 85' lang='lat' dir='ltr'>opus</span> <span class='ocrx_word' id='word_1_272' title='bbox 1369 2063 1537 2100; x_wconf 86' lang='lat' dir='ltr'>videtur.</span> <span class='ocrx_word' id='word_1_273' title='bbox 1598 2063 1747 2101; x_wconf 83' lang='lat' dir='ltr'>Eadem</span> 
     </span>
     <span class='ocr_line' id='line_1_29' title="bbox 259 2131 1745 2181; baseline 0.001 -13"><span class='ocrx_word' id='word_1_274' title='bbox 259 2131 307 2168; x_wconf 92' lang='lat' dir='ltr'>de</span> <span class='ocrx_word' id='word_1_275' title='bbox 340 2145 454 2168; x_wconf 81' lang='lat' dir='ltr'>causa</span> <span class='ocrx_word' id='word_1_276' title='bbox 484 2131 662 2168; x_wconf 85' lang='lat' dir='ltr'>Brixium</span> <span class='ocrx_word' id='word_1_277' title='bbox 700 2132 740 2168; x_wconf 87' lang='lat' dir='ltr'>in</span> <span class='ocrx_word' id='word_1_278' title='bbox 777 2145 893 2169; x_wconf 81' lang='lat' dir='ltr'>versu</span> <span class='ocrx_word' id='word_1_279' title='bbox 925 2132 1003 2169; x_wconf 82' lang='lat'>437</span> <span class='ocrx_word' id='word_1_280' title='bbox 1045 2131 1217 2169; x_wconf 81' lang='lat' dir='ltr'>notando</span> <span class='ocrx_word' id='word_1_281' title='bbox 1257 2133 1367 2181; x_wconf 87' lang='lat' dir='ltr'>sequi</span> <span class='ocrx_word' id='word_1_282' title='bbox 1405 2132 1526 2169; x_wconf 89' lang='lat' dir='ltr'>nolui.</span> <span class='ocrx_word' id='word_1_283' title='bbox 1558 2152 1613 2157; x_wconf 84' lang='lat'>—-</span> <span class='ocrx_word' id='word_1_284' title='bbox 1652 2134 1745 2170; x_wconf 86' lang='lat'>435.</span> 
     </span>
     <span class='ocr_line' id='line_1_30' title="bbox 259 2197 1747 2249; baseline 0 -12"><span class='ocrx_word' id='word_1_285' title='bbox 259 2197 426 2237; x_wconf 69' lang='lat' dir='ltr'>deseras</span> <span class='ocrx_word' id='word_1_286' title='bbox 457 2199 548 2235; x_wconf 89' lang='lat' dir='ltr'>olim</span> <span class='ocrx_word' id='word_1_287' title='bbox 581 2199 840 2236; x_wconf 80' lang='lat' dir='ltr'>emendatum.</span> <span class='ocrx_word' id='word_1_288' title='bbox 871 2220 926 2224; x_wconf 94' lang='lat'>—</span> <span class='ocrx_word' id='word_1_289' title='bbox 965 2201 1058 2238; x_wconf 88' lang='lat'>438.</span> <span class='ocrx_word' id='word_1_290' title='bbox 1099 2200 1176 2237; x_wconf 88' lang='lat' dir='ltr'>Pro</span> <span class='ocrx_word' id='word_1_291' title='bbox 1209 2213 1300 2236; x_wconf 80' lang='lat' dir='ltr'>vera</span> <span class='ocrx_word' id='word_1_292' title='bbox 1330 2200 1520 2236; x_wconf 86' lang='lat' dir='ltr'>librorum</span> <span class='ocrx_word' id='word_1_293' title='bbox 1552 2202 1747 2249; x_wconf 79' lang='lat' dir='ltr'>scriptura</span> 
     </span>
     <span class='ocr_line' id='line_1_31' title="bbox 260 2265 1744 2318; baseline 0.001 -15"><span class='ocrx_word' id='word_1_294' title='bbox 260 2271 298 2304; x_wconf 82' lang='lat' dir='ltr'>et</span> <span class='ocrx_word' id='word_1_295' title='bbox 328 2268 395 2304; x_wconf 83' lang='lat' dir='ltr'>alii</span> <span class='ocrx_word' id='word_1_296' title='bbox 427 2271 466 2303; x_wconf 90' lang='lat' dir='ltr'>et</span> <span class='ocrx_word' id='word_1_297' title='bbox 496 2267 807 2304; x_wconf 82' lang='lat' dir='ltr'>Lindemannus:</span> <span class='ocrx_word' id='word_1_298' title='bbox 854 2268 955 2313; x_wconf 82' lang='lat' dir='ltr'>„Fac</span> <span class='ocrx_word' id='word_1_299' title='bbox 980 2267 1093 2304; x_wconf 87' lang='lat' dir='ltr'>fidele</span> <span class='ocrx_word' id='word_1_300' title='bbox 1121 2268 1172 2304; x_wconf 88' lang='lat' dir='ltr'>sis</span> <span class='ocrx_word' id='word_1_301' title='bbox 1199 2265 1350 2304; x_wconf 77' lang='lat' dir='ltr'>fidelis“</span> <span class='ocrx_word' id='word_1_302' title='bbox 1379 2281 1425 2305; x_wconf 85' lang='lat' dir='ltr'>ex</span> <span class='ocrx_word' id='word_1_303' title='bbox 1441 2268 1569 2304; x_wconf 87' lang='lat' dir='ltr'>Nonio</span> <span class='ocrx_word' id='word_1_304' title='bbox 1586 2282 1623 2318; x_wconf 90' lang='lat' dir='ltr'>p.</span> <span class='ocrx_word' id='word_1_305' title='bbox 1646 2270 1744 2306; x_wconf 87' lang='lat'>512:</span> 
     </span>
     <span class='ocr_line' id='line_1_32' title="bbox 265 2334 1746 2385; baseline 0.002 -14"><span class='ocrx_word' id='word_1_306' title='bbox 265 2335 424 2382; x_wconf 82' lang='lat' dir='ltr'>„Fidele</span> <span class='ocrx_word' id='word_1_307' title='bbox 454 2348 526 2385; x_wconf 89' lang='lat' dir='ltr'>pro</span> <span class='ocrx_word' id='word_1_308' title='bbox 557 2334 738 2372; x_wconf 87' lang='lat' dir='ltr'>fideliter.</span> <span class='ocrx_word' id='word_1_309' title='bbox 799 2335 962 2372; x_wconf 82' lang='lat' dir='ltr'>Plautus</span> <span class='ocrx_word' id='word_1_310' title='bbox 995 2335 1190 2384; x_wconf 77' lang='lat' dir='ltr'>Captivis:</span> <span class='ocrx_word' id='word_1_311' title='bbox 1234 2336 1293 2373; x_wconf 79' lang='lat' dir='ltr'>fac</span> <span class='ocrx_word' id='word_1_312' title='bbox 1323 2335 1458 2382; x_wconf 69' lang='lat' dir='ltr'>fidele,</span> <span class='ocrx_word' id='word_1_313' title='bbox 1506 2350 1600 2373; x_wconf 82' lang='lat' dir='ltr'>caue</span> <span class='ocrx_word' id='word_1_314' title='bbox 1630 2336 1746 2374; x_wconf 89' lang='lat' dir='ltr'>fidem</span> 
     </span>
     <span class='ocr_line' id='line_1_33' title="bbox 259 2401 1747 2452; baseline 0.001 -12"><span class='ocrx_word' id='word_1_315' title='bbox 259 2403 402 2440; x_wconf 85' lang='lat' dir='ltr'>fluxam</span> <span class='ocrx_word' id='word_1_316' title='bbox 442 2401 583 2441; x_wconf 82' lang='lat' dir='ltr'>feras“.</span> <span class='ocrx_word' id='word_1_317' title='bbox 667 2403 741 2440; x_wconf 88' lang='lat' dir='ltr'>Sed</span> <span class='ocrx_word' id='word_1_318' title='bbox 786 2405 819 2440; x_wconf 91' lang='lat' dir='ltr'>is</span> <span class='ocrx_word' id='word_1_319' title='bbox 867 2407 1050 2452; x_wconf 86' lang='lat' dir='ltr'>corrupto</span> <span class='ocrx_word' id='word_1_320' title='bbox 1096 2404 1310 2452; x_wconf 77' lang='lat' dir='ltr'>exemplari</span> <span class='ocrx_word' id='word_1_321' title='bbox 1355 2417 1448 2441; x_wconf 87' lang='lat' dir='ltr'>usus</span> <span class='ocrx_word' id='word_1_322' title='bbox 1488 2408 1558 2442; x_wconf 87' lang='lat' dir='ltr'>est.</span> <span class='ocrx_word' id='word_1_323' title='bbox 1635 2405 1747 2451; x_wconf 81' lang='lat' dir='ltr'>Quod</span> 
     </span>
     <span class='ocr_line' id='line_1_34' title="bbox 262 2471 1748 2522; baseline 0.001 -14"><span class='ocrx_word' id='word_1_324' title='bbox 262 2476 395 2509; x_wconf 85' lang='lat' dir='ltr'>autem</span> <span class='ocrx_word' id='word_1_325' title='bbox 425 2471 581 2509; x_wconf 82' lang='lat' dir='ltr'>Brixius</span> <span class='ocrx_word' id='word_1_326' title='bbox 612 2471 713 2508; x_wconf 84' lang='lat' dir='ltr'>huno</span> <span class='ocrx_word' id='word_1_327' title='bbox 751 2485 907 2508; x_wconf 86' lang='lat' dir='ltr'>versum</span> <span class='ocrx_word' id='word_1_328' title='bbox 945 2473 1123 2520; x_wconf 80' lang='lat' dir='ltr'>sequenti</span> <span class='ocrx_word' id='word_1_329' title='bbox 1154 2473 1391 2521; x_wconf 83' lang='lat' dir='ltr'>postposuit,</span> <span class='ocrx_word' id='word_1_330' title='bbox 1433 2485 1480 2509; x_wconf 89' lang='lat' dir='ltr'>ne</span> <span class='ocrx_word' id='word_1_331' title='bbox 1513 2486 1558 2509; x_wconf 90' lang='lat' dir='ltr'>eo</span> <span class='ocrx_word' id='word_1_332' title='bbox 1590 2473 1748 2522; x_wconf 90' lang='lat' dir='ltr'>quidem</span> 
     </span>
     <span class='ocr_line' id='line_1_35' title="bbox 260 2536 1746 2589; baseline 0.001 -14"><span class='ocrx_word' id='word_1_333' title='bbox 260 2552 356 2589; x_wconf 86' lang='lat' dir='ltr'>opus</span> <span class='ocrx_word' id='word_1_334' title='bbox 389 2553 472 2576; x_wconf 90' lang='lat' dir='ltr'>esse</span> <span class='ocrx_word' id='word_1_335' title='bbox 504 2539 628 2577; x_wconf 82' lang='lat' dir='ltr'>video.</span> <span class='ocrx_word' id='word_1_336' title='bbox 665 2559 712 2564; x_wconf 90' lang='lat'>—-</span> <span class='ocrx_word' id='word_1_337' title='bbox 747 2540 840 2577; x_wconf 84' lang='lat'>440.</span> <span class='ocrx_word' id='word_1_338' title='bbox 883 2536 1009 2587; x_wconf 70' lang='lat' dir='ltr'>hunc,</span> <span class='ocrx_word' id='word_1_339' title='bbox 1050 2539 1289 2589; x_wconf 82' lang='lat' dir='ltr'>Hegionem,</span> <span class='ocrx_word' id='word_1_340' title='bbox 1324 2554 1437 2589; x_wconf 89' lang='lat' dir='ltr'>quem</span> <span class='ocrx_word' id='word_1_341' title='bbox 1470 2543 1545 2577; x_wconf 81' lang='lat' dir='ltr'>iam</span> <span class='ocrx_word' id='word_1_342' title='bbox 1579 2542 1746 2578; x_wconf 78' lang='lat' dir='ltr'>amicum</span> 
     </span>
     <span class='ocr_line' id='line_1_36' title="bbox 260 2606 1744 2658; baseline 0.001 -15"><span class='ocrx_word' id='word_1_343' title='bbox 260 2608 464 2654; x_wconf 81' lang='lat' dir='ltr'>invenisti,</span> <span class='ocrx_word' id='word_1_344' title='bbox 506 2608 691 2644; x_wconf 87' lang='lat' dir='ltr'>restituto</span> <span class='ocrx_word' id='word_1_345' title='bbox 723 2606 804 2645; x_wconf 88' lang='lat' dir='ltr'>filio</span> <span class='ocrx_word' id='word_1_346' title='bbox 835 2607 958 2644; x_wconf 88' lang='lat' dir='ltr'>multo</span> <span class='ocrx_word' id='word_1_347' title='bbox 991 2609 1215 2644; x_wconf 77' lang='lat' dir='ltr'>amiciorem</span> <span class='ocrx_word' id='word_1_348' title='bbox 1247 2611 1285 2644; x_wconf 88' lang='lat' dir='ltr'>et</span> <span class='ocrx_word' id='word_1_349' title='bbox 1314 2611 1547 2658; x_wconf 87' lang='lat' dir='ltr'>perpetuum</span> <span class='ocrx_word' id='word_1_350' title='bbox 1579 2609 1744 2645; x_wconf 81' lang='lat' dir='ltr'>amicum</span> 
     </span>
     <span class='ocr_line' id='line_1_37' title="bbox 260 2675 1745 2725; baseline 0 -13"><span class='ocrx_word' id='word_1_351' title='bbox 260 2677 447 2713; x_wconf 88' lang='lat' dir='ltr'>invenies.</span> <span class='ocrx_word' id='word_1_352' title='bbox 509 2675 615 2713; x_wconf 83' lang='lat' dir='ltr'>Brix.</span> <span class='ocrx_word' id='word_1_353' title='bbox 649 2680 687 2711; x_wconf 74' lang='lat' dir='ltr'>et</span> <span class='ocrx_word' id='word_1_354' title='bbox 719 2676 796 2712; x_wconf 82' lang='lat' dir='ltr'>alia</span> <span class='ocrx_word' id='word_1_355' title='bbox 827 2679 1027 2725; x_wconf 77' lang='lat' dir='ltr'>comparat</span> <span class='ocrx_word' id='word_1_356' title='bbox 1058 2679 1096 2711; x_wconf 86' lang='lat' dir='ltr'>et</span> <span class='ocrx_word' id='word_1_357' title='bbox 1120 2675 1200 2713; x_wconf 88' lang='lat' dir='ltr'>Cic.</span> <span class='ocrx_word' id='word_1_358' title='bbox 1228 2675 1336 2713; x_wconf 85' lang='lat' dir='ltr'>Fam.</span> <span class='ocrx_word' id='word_1_359' title='bbox 1354 2675 1457 2722; x_wconf 72' lang='lat' dir='ltr'>XIV,</span> <span class='ocrx_word' id='word_1_360' title='bbox 1487 2675 1520 2723; x_wconf 78' lang='lat'>1,</span> <span class='ocrx_word' id='word_1_361' title='bbox 1551 2678 1595 2713; x_wconf 90' lang='lat'>5:</span> <span class='ocrx_word' id='word_1_362' title='bbox 1632 2676 1745 2723; x_wconf 82' lang='lat' dir='ltr'>„uide</span> 
     </span>
    </p>
   </div>
  </div>
 </body>
</html>
