<?xml version="1.0" encoding="UTF-8"?>
<!DOCTYPE html PUBLIC "-//W3C//DTD XHTML 1.0 Transitional//EN"
    "http://www.w3.org/TR/xhtml1/DTD/xhtml1-transitional.dtd">
<html xmlns="http://www.w3.org/1999/xhtml" xml:lang="en" lang="en">
 <head>
  <title>
</title>
<meta http-equiv="Content-Type" content="text/html;charset=utf-8" />
  <meta name='ocr-system' content='tesseract 3.04.00' />
  <meta name='ocr-capabilities' content='ocr_page ocr_carea ocr_par ocr_line ocrx_word'/>
</head>
<body>
  <div class='ocr_page' id='page_1' title='image "./comoediaerecensu02plauuoft_0219.png"; bbox 0 0 1854 3188; ppageno 0'>
   <div class='ocr_carea' id='block_1_1' title="bbox 161 197 1651 244">
    <p class='ocr_par' dir='ltr' id='par_1_1' title="bbox 161 197 1651 244">
     <span class='ocr_line' id='line_1_1' title="bbox 161 197 1651 244; baseline -0.002 -8"><span class='ocrx_word' id='word_1_1' title='bbox 161 200 226 244; x_wconf 86' lang='lat' dir='ltr'>IV,</span> <span class='ocrx_word' id='word_1_2' title='bbox 239 202 270 244; x_wconf 87' lang='lat'>3,</span> <span class='ocrx_word' id='word_1_3' title='bbox 284 201 305 235; x_wconf 83' lang='lat'><strong>2</strong></span> <span class='ocrx_word' id='word_1_4' title='bbox 317 218 362 224; x_wconf 92' lang='lat'>—-</span> <span class='ocrx_word' id='word_1_5' title='bbox 374 201 406 243; x_wconf 84' lang='lat'>4,</span> <span class='ocrx_word' id='word_1_6' title='bbox 426 200 465 233; x_wconf 87' lang='lat'>13</span> <span class='ocrx_word' id='word_1_7' title='bbox 830 197 985 242; x_wconf 85' lang='lat' dir='ltr'>Captiui.</span> <span class='ocrx_word' id='word_1_8' title='bbox 1574 202 1651 240; x_wconf 77' lang='grc'>199</span> 
     </span>
    </p>
   </div>
   <div class='ocr_carea' id='block_1_2' title="bbox 159 323 1655 881">
    <p class='ocr_par' dir='ltr' id='par_1_2' title="bbox 163 323 1602 378">
     <span class='ocr_line' id='line_1_2' title="bbox 163 323 1602 378; baseline -0.001 -10"><span class='ocrx_word' id='word_1_9' title='bbox 163 326 218 368; x_wconf 89' lang='lat' dir='ltr'>Di</span> <span class='ocrx_word' id='word_1_10' title='bbox 248 325 513 376; x_wconf 85' lang='lat' dir='ltr'>inmortales,</span> <span class='ocrx_word' id='word_1_11' title='bbox 544 324 629 365; x_wconf 88' lang='lat' dir='ltr'>iam</span> <span class='ocrx_word' id='word_1_12' title='bbox 660 328 706 366; x_wconf 89' lang='lat' dir='ltr'>ut</span> <span class='ocrx_word' id='word_1_13' title='bbox 738 338 814 377; x_wconf 81' lang='lat' dir='ltr'>ego</span> <span class='ocrx_word' id='word_1_14' title='bbox 847 323 980 365; x_wconf 91' lang='lat' dir='ltr'>collos</span> <span class='ocrx_word' id='word_1_15' title='bbox 1012 324 1331 378; x_wconf 73' lang='lat' dir='ltr'>praetruncabo</span> <span class='ocrx_word' id='word_1_16' title='bbox 1362 323 1602 377; x_wconf 77' lang='lat' dir='ltr'>tegoribus!</span> 
     </span>
    </p>

    <p class='ocr_par' dir='ltr' id='par_1_3' title="bbox 162 395 1397 451">
     <span class='ocr_line' id='line_1_3' title="bbox 162 395 1397 451; baseline -0.002 -12"><span class='ocrx_word' id='word_1_17' title='bbox 162 396 337 447; x_wconf 81' lang='lat' dir='ltr'>Quanta</span> <span class='ocrx_word' id='word_1_18' title='bbox 367 397 512 451; x_wconf 89' lang='lat' dir='ltr'>pernis</span> <span class='ocrx_word' id='word_1_19' title='bbox 544 397 680 450; x_wconf 88' lang='lat' dir='ltr'>pestis</span> <span class='ocrx_word' id='word_1_20' title='bbox 710 396 867 445; x_wconf 71' lang='lat' dir='ltr'>ueniet,</span> <span class='ocrx_word' id='word_1_21' title='bbox 901 400 1066 449; x_wconf 88' lang='lat' dir='ltr'>quanta</span> <span class='ocrx_word' id='word_1_22' title='bbox 1095 395 1215 436; x_wconf 89' lang='lat' dir='ltr'>labes</span> <span class='ocrx_word' id='word_1_23' title='bbox 1247 395 1397 446; x_wconf 76' lang='lat' dir='ltr'>larido,</span> 
     </span>
    </p>

    <p class='ocr_par' dir='ltr' id='par_1_4' title="bbox 161 466 1422 520">
     <span class='ocr_line' id='line_1_4' title="bbox 161 466 1422 520; baseline -0.001 -10"><span class='ocrx_word' id='word_1_24' title='bbox 161 468 337 519; x_wconf 80' lang='lat' dir='ltr'>Quanta</span> <span class='ocrx_word' id='word_1_25' title='bbox 369 469 526 509; x_wconf 86' lang='lat' dir='ltr'>sumini</span> <span class='ocrx_word' id='word_1_26' title='bbox 559 468 808 518; x_wconf 82' lang='lat' dir='ltr'>absumedo,</span> <span class='ocrx_word' id='word_1_27' title='bbox 841 471 1007 520; x_wconf 88' lang='lat' dir='ltr'>quanta</span> <span class='ocrx_word' id='word_1_28' title='bbox 1038 466 1148 508; x_wconf 87' lang='lat' dir='ltr'>callo</span> <span class='ocrx_word' id='word_1_29' title='bbox 1182 467 1422 519; x_wconf 81' lang='lat' dir='ltr'>calamitas,</span> 
     </span>
    </p>

    <p class='ocr_par' dir='ltr' id='par_1_5' title="bbox 159 538 1249 593">
     <span class='ocr_line' id='line_1_5' title="bbox 159 538 1249 593; baseline -0.003 -11"><span class='ocrx_word' id='word_1_30' title='bbox 159 541 336 591; x_wconf 77' lang='lat' dir='ltr'>Quanta</span> <span class='ocrx_word' id='word_1_31' title='bbox 365 541 492 582; x_wconf 87' lang='lat' dir='ltr'>laniis</span> <span class='ocrx_word' id='word_1_32' title='bbox 525 540 746 589; x_wconf 66' lang='lat' dir='ltr'>lassitudo„</span> <span class='ocrx_word' id='word_1_33' title='bbox 780 545 944 592; x_wconf 88' lang='lat' dir='ltr'>quanta</span> <span class='ocrx_word' id='word_1_34' title='bbox 975 538 1249 593; x_wconf 78' lang='lat' dir='ltr'>porcinariis!</span> 
     </span>
    </p>

    <p class='ocr_par' dir='ltr' id='par_1_6' title="bbox 161 611 1655 728">
     <span class='ocr_line' id='line_1_6' title="bbox 161 611 1653 666; baseline -0.001 -12"><span class='ocrx_word' id='word_1_35' title='bbox 161 613 274 654; x_wconf 89' lang='lat' dir='ltr'>Nam</span> <span class='ocrx_word' id='word_1_36' title='bbox 308 613 343 654; x_wconf 85' lang='lat' dir='ltr'>si</span> <span class='ocrx_word' id='word_1_37' title='bbox 375 612 461 653; x_wconf 83' lang='lat' dir='ltr'>alia</span> <span class='ocrx_word' id='word_1_38' title='bbox 492 626 742 658; x_wconf 75' lang='lat' dir='ltr'>memorem,</span> <span class='ocrx_word' id='word_1_39' title='bbox 776 625 886 666; x_wconf 91' lang='lat' dir='ltr'>quae</span> <span class='ocrx_word' id='word_1_40' title='bbox 920 611 974 652; x_wconf 87' lang='lat' dir='ltr'>ad</span> <span class='ocrx_word' id='word_1_41' title='bbox 1005 611 1169 652; x_wconf 87' lang='lat' dir='ltr'>uentris</span> <span class='ocrx_word' id='word_1_42' title='bbox 1200 611 1364 652; x_wconf 86' lang='lat' dir='ltr'>uictum</span> <span class='ocrx_word' id='word_1_43' title='bbox 1395 611 1653 663; x_wconf 80' lang='lat' dir='ltr'>conducunt,</span> 
     </span>
     <span class='ocr_line' id='line_1_7' title="bbox 1113 687 1655 728; baseline 0.009 -5"><span class='ocrx_word' id='word_1_44' title='bbox 1113 687 1286 724; x_wconf 84' lang='lat' dir='ltr'>morast.</span> <span class='ocrx_word' id='word_1_45' title='bbox 1588 696 1655 728; x_wconf 88' lang='lat'>900</span> 
     </span>
    </p>

    <p class='ocr_par' dir='ltr' id='par_1_7' title="bbox 160 753 1653 809">
     <span class='ocr_line' id='line_1_8' title="bbox 160 753 1653 809; baseline 0 -12"><span class='ocrx_word' id='word_1_46' title='bbox 160 755 287 797; x_wconf 90' lang='lat' dir='ltr'>Nunc</span> <span class='ocrx_word' id='word_1_47' title='bbox 317 755 388 796; x_wconf 87' lang='lat' dir='ltr'>ibo</span> <span class='ocrx_word' id='word_1_48' title='bbox 420 761 468 796; x_wconf 88' lang='lat' dir='ltr'>ut</span> <span class='ocrx_word' id='word_1_49' title='bbox 498 768 718 808; x_wconf 78' lang='lat' dir='ltr'>properem</span> <span class='ocrx_word' id='word_1_50' title='bbox 741 756 787 796; x_wconf 37' lang='lat' dir='ltr'>‘in</span> <span class='ocrx_word' id='word_1_51' title='bbox 811 753 1143 809; x_wconf 76' lang='lat' dir='ltr'>praefecturam,</span> <span class='ocrx_word' id='word_1_52' title='bbox 1176 758 1225 796; x_wconf 92' lang='lat' dir='ltr'>ut</span> <span class='ocrx_word' id='word_1_53' title='bbox 1248 755 1313 796; x_wconf 93' lang='lat' dir='ltr'>ius</span> <span class='ocrx_word' id='word_1_54' title='bbox 1338 755 1477 796; x_wconf 89' lang='lat' dir='ltr'>dicam</span> <span class='ocrx_word' id='word_1_55' title='bbox 1502 755 1653 807; x_wconf 88' lang='lat' dir='ltr'>larido,</span> 
     </span>
    </p>

    <p class='ocr_par' dir='ltr' id='par_1_8' title="bbox 161 825 1652 881">
     <span class='ocr_line' id='line_1_9' title="bbox 161 825 1652 881; baseline 0.001 -13"><span class='ocrx_word' id='word_1_56' title='bbox 161 827 219 869; x_wconf 89' lang='lat' dir='ltr'>Et</span> <span class='ocrx_word' id='word_1_57' title='bbox 250 841 359 881; x_wconf 88' lang='lat' dir='ltr'>quae</span> <span class='ocrx_word' id='word_1_58' title='bbox 391 827 583 881; x_wconf 85' lang='lat' dir='ltr'>pendent</span> <span class='ocrx_word' id='word_1_59' title='bbox 606 827 882 868; x_wconf 80' lang='lat' dir='ltr'>indemnatae</span> <span class='ocrx_word' id='word_1_60' title='bbox 910 840 1081 881; x_wconf 67' lang='lat' dir='ltr'>pernae‚</span> <span class='ocrx_word' id='word_1_61' title='bbox 1114 827 1176 868; x_wconf 90' lang='lat' dir='ltr'>eis</span> <span class='ocrx_word' id='word_1_62' title='bbox 1201 827 1407 868; x_wconf 78' lang='lat' dir='ltr'>auxilium</span> <span class='ocrx_word' id='word_1_63' title='bbox 1430 831 1478 868; x_wconf 93' lang='lat' dir='ltr'>ut</span> <span class='ocrx_word' id='word_1_64' title='bbox 1502 825 1652 869; x_wconf 87' lang='lat' dir='ltr'>feram.</span> 
     </span>
    </p>
   </div>
   <div class='ocr_carea' id='block_1_3' title="bbox 831 1134 996 1176">
    <p class='ocr_par' dir='ltr' id='par_1_9' title="bbox 831 1134 996 1176">
     <span class='ocr_line' id='line_1_10' title="bbox 831 1134 996 1176; baseline 0.006 -1"><span class='ocrx_word' id='word_1_65' title='bbox 831 1134 996 1176; x_wconf 86' lang='lat' dir='ltr'><strong>PUER.</strong></span> 
     </span>
    </p>
   </div>
   <div class='ocr_carea' id='block_1_4' title="bbox 161 1236 1658 2431">
    <p class='ocr_par' dir='ltr' id='par_1_10' title="bbox 161 1236 1658 2431">
     <span class='ocr_line' id='line_1_11' title="bbox 162 1236 1542 1292; baseline 0.001 -15"><span class='ocrx_word' id='word_1_66' title='bbox 162 1237 381 1290; x_wconf 78' lang='lat' dir='ltr'>Diespiter</span> <span class='ocrx_word' id='word_1_67' title='bbox 411 1241 454 1278; x_wconf 83' lang='lat' dir='ltr'>te</span> <span class='ocrx_word' id='word_1_68' title='bbox 486 1237 627 1291; x_wconf 82' lang='lat' dir='ltr'>dique,</span> <span class='ocrx_word' id='word_1_69' title='bbox 660 1236 867 1291; x_wconf 82' lang='lat' dir='ltr'>Ergasile,</span> <span class='ocrx_word' id='word_1_70' title='bbox 898 1237 1084 1292; x_wconf 84' lang='lat' dir='ltr'>perdant</span> <span class='ocrx_word' id='word_1_71' title='bbox 1116 1242 1158 1279; x_wconf 90' lang='lat' dir='ltr'>et</span> <span class='ocrx_word' id='word_1_72' title='bbox 1189 1241 1387 1279; x_wconf 90' lang='lat' dir='ltr'>uentrem</span> <span class='ocrx_word' id='word_1_73' title='bbox 1417 1242 1542 1279; x_wconf 88' lang='lat' dir='ltr'>tuum</span> 
     </span>
     <span class='ocr_line' id='line_1_12' title="bbox 162 1308 1625 1363; baseline 0.001 -14"><span class='ocrx_word' id='word_1_74' title='bbox 162 1308 470 1362; x_wconf 87' lang='lat' dir='ltr'>Parasitosque</span> <span class='ocrx_word' id='word_1_75' title='bbox 503 1310 640 1350; x_wconf 89' lang='lat' dir='ltr'>omnis</span> <span class='ocrx_word' id='word_1_76' title='bbox 673 1315 716 1350; x_wconf 85' lang='lat' dir='ltr'>et</span> <span class='ocrx_word' id='word_1_77' title='bbox 747 1310 821 1363; x_wconf 90' lang='lat' dir='ltr'>qui</span> <span class='ocrx_word' id='word_1_78' title='bbox 851 1310 1037 1363; x_wconf 88' lang='lat' dir='ltr'>posthac</span> <span class='ocrx_word' id='word_1_79' title='bbox 1070 1323 1220 1351; x_wconf 89' lang='lat' dir='ltr'>cenam</span> <span class='ocrx_word' id='word_1_80' title='bbox 1252 1310 1458 1363; x_wconf 75' lang='lat' dir='ltr'>parasitis</span> <span class='ocrx_word' id='word_1_81' title='bbox 1491 1309 1625 1351; x_wconf 89' lang='lat' dir='ltr'>dabit.</span> 
     </span>
     <span class='ocr_line' id='line_1_13' title="bbox 161 1379 1656 1435; baseline 0.001 -13"><span class='ocrx_word' id='word_1_82' title='bbox 161 1379 320 1422; x_wconf 83' lang='lat' dir='ltr'>Clades</span> <span class='ocrx_word' id='word_1_83' title='bbox 353 1379 679 1434; x_wconf 78' lang='lat' dir='ltr'>calamitasque,</span> <span class='ocrx_word' id='word_1_84' title='bbox 711 1382 988 1435; x_wconf 86' lang='lat' dir='ltr'>intemperies</span> <span class='ocrx_word' id='word_1_85' title='bbox 1020 1382 1147 1424; x_wconf 90' lang='lat' dir='ltr'>modo</span> <span class='ocrx_word' id='word_1_86' title='bbox 1178 1383 1221 1422; x_wconf 90' lang='lat' dir='ltr'>in</span> <span class='ocrx_word' id='word_1_87' title='bbox 1253 1386 1447 1423; x_wconf 88' lang='lat' dir='ltr'>nostram</span> <span class='ocrx_word' id='word_1_88' title='bbox 1479 1381 1656 1424; x_wconf 82' lang='lat' dir='ltr'>aduenit</span> 
     </span>
     <span class='ocr_line' id='line_1_14' title="bbox 1115 1453 1655 1498; baseline 0.006 -3"><span class='ocrx_word' id='word_1_89' title='bbox 1115 1453 1300 1495; x_wconf 89' lang='lat' dir='ltr'>domum.</span> <span class='ocrx_word' id='word_1_90' title='bbox 1590 1464 1655 1498; x_wconf 83' lang='lat'>905</span> 
     </span>
     <span class='ocr_line' id='line_1_15' title="bbox 163 1516 1562 1580; baseline 0.001 -15"><span class='ocrx_word' id='word_1_91' title='bbox 163 1524 300 1575; x_wconf 82' lang='lat' dir='ltr'>Quasi</span> <span class='ocrx_word' id='word_1_92' title='bbox 330 1525 458 1579; x_wconf 88' lang='lat' dir='ltr'>lupus</span> <span class='ocrx_word' id='word_1_93' title='bbox 491 1526 695 1577; x_wconf 84' lang='lat' dir='ltr'>esuriens,</span> <span class='ocrx_word' id='word_1_94' title='bbox 726 1526 872 1577; x_wconf 84' lang='lat' dir='ltr'>metui,</span> <span class='ocrx_word' id='word_1_95' title='bbox 905 1539 958 1567; x_wconf 91' lang='lat' dir='ltr'>ne</span> <span class='ocrx_word' id='word_1_96' title='bbox 990 1526 1033 1566; x_wconf 90' lang='lat' dir='ltr'>in</span> <span class='ocrx_word' id='word_1_97' title='bbox 1064 1516 1134 1567; x_wconf 33' lang='lat' dir='ltr'>me*</span> <span class='ocrx_word' id='word_1_98' title='bbox 1164 1524 1326 1567; x_wconf 84' lang='lat' dir='ltr'>faceret</span> <span class='ocrx_word' id='word_1_99' title='bbox 1356 1527 1562 1580; x_wconf 86' lang='lat' dir='ltr'>inpetum.</span> 
     </span>
     <span class='ocr_line' id='line_1_16' title="bbox 166 1596 1522 1649; baseline 0 -11"><span class='ocrx_word' id='word_1_100' title='bbox 166 1596 251 1638; x_wconf 88' lang='lat' dir='ltr'>Ubi</span> <span class='ocrx_word' id='word_1_101' title='bbox 281 1597 401 1638; x_wconf 66' lang='lat' dir='ltr'>nolui</span> <span class='ocrx_word' id='word_1_102' title='bbox 434 1597 496 1638; x_wconf 74' lang='lat' dir='ltr'><em>z&#39;lh&#39;</em></span> <span class='ocrx_word' id='word_1_103' title='bbox 526 1610 680 1638; x_wconf 77' lang='lat' dir='ltr'>morem</span> <span class='ocrx_word' id='word_1_104' title='bbox 709 1610 860 1649; x_wconf 69' lang='lat' dir='ltr'>(serere,</span> <span class='ocrx_word' id='word_1_105' title='bbox 894 1597 952 1638; x_wconf 62' lang='lat' dir='ltr'>ibi</span> <span class='ocrx_word' id='word_1_106' title='bbox 984 1610 1029 1638; x_wconf 75' lang='lat' dir='ltr'>os</span> <span class='ocrx_word' id='word_1_107' title='bbox 1057 1598 1264 1649; x_wconf 66' lang='lat' dir='ltr'>pandebat</span> <span class='ocrx_word' id='word_1_108' title='bbox 1295 1597 1522 1649; x_wconf 69' lang='lat' dir='ltr'>inprobum,</span> 
     </span>
     <span class='ocr_line' id='line_1_17' title="bbox 162 1668 1658 1721; baseline 0.001 -12"><span class='ocrx_word' id='word_1_109' title='bbox 162 1668 389 1721; x_wconf 86' lang='lat' dir='ltr'>Nimisque</span> <span class='ocrx_word' id='word_1_110' title='bbox 421 1668 565 1710; x_wconf 84' lang='lat' dir='ltr'>hercle</span> <span class='ocrx_word' id='word_1_111' title='bbox 599 1682 677 1721; x_wconf 80' lang='lat' dir='ltr'>ego</span> <span class='ocrx_word' id='word_1_112' title='bbox 709 1668 833 1710; x_wconf 87' lang='lat' dir='ltr'>illum</span> <span class='ocrx_word' id='word_1_113' title='bbox 863 1669 974 1710; x_wconf 89' lang='lat' dir='ltr'>male</span> <span class='ocrx_word' id='word_1_114' title='bbox 1004 1669 1312 1721; x_wconf 83' lang='lat' dir='ltr'>formidabam3</span> <span class='ocrx_word' id='word_1_115' title='bbox 1343 1671 1406 1710; x_wconf 88' lang='lat' dir='ltr'>ita</span> <span class='ocrx_word' id='word_1_116' title='bbox 1429 1668 1658 1710; x_wconf 83' lang='lat' dir='ltr'>frendebat</span> 
     </span>
     <span class='ocr_line' id='line_1_18' title="bbox 1118 1741 1330 1783; baseline 0.005 -1"><span class='ocrx_word' id='word_1_117' title='bbox 1118 1741 1330 1783; x_wconf 87' lang='lat' dir='ltr'>dentibus.</span> 
     </span>
     <span class='ocr_line' id='line_1_19' title="bbox 163 1811 1443 1858; baseline 0.001 -5"><span class='ocrx_word' id='word_1_118' title='bbox 163 1812 411 1854; x_wconf 87' lang='lat' dir='ltr'>Adueniens</span> <span class='ocrx_word' id='word_1_119' title='bbox 445 1811 698 1854; x_wconf 85' lang='lat' dir='ltr'>deturbauit</span> <span class='ocrx_word' id='word_1_120' title='bbox 728 1816 870 1854; x_wconf 86' lang='lat' dir='ltr'>totum</span> <span class='ocrx_word' id='word_1_121' title='bbox 902 1826 999 1854; x_wconf 89' lang='lat' dir='ltr'>cum</span> <span class='ocrx_word' id='word_1_122' title='bbox 1030 1814 1149 1854; x_wconf 87' lang='lat' dir='ltr'>carni</span> <span class='ocrx_word' id='word_1_123' title='bbox 1181 1814 1443 1858; x_wconf 77' lang='lat' dir='ltr'>carnarium:</span> 
     </span>
     <span class='ocr_line' id='line_1_20' title="bbox 163 1884 1658 1939; baseline 0.003 -14"><span class='ocrx_word' id='word_1_124' title='bbox 163 1885 359 1938; x_wconf 84' lang='lat' dir='ltr'>Arripuit</span> <span class='ocrx_word' id='word_1_125' title='bbox 375 1884 579 1937; x_wconf 74' lang='lat' dir='ltr'>gladium,</span> <span class='ocrx_word' id='word_1_126' title='bbox 612 1885 940 1938; x_wconf 85' lang='lat' dir='ltr'>praetruncauit</span> <span class='ocrx_word' id='word_1_127' title='bbox 965 1884 1106 1926; x_wconf 84' lang='lat' dir='ltr'>tribus</span> <span class='ocrx_word' id='word_1_128' title='bbox 1130 1885 1352 1938; x_wconf 81' lang='lat' dir='ltr'>tegoribus</span> <span class='ocrx_word' id='word_1_129' title='bbox 1377 1886 1564 1939; x_wconf 85' lang='lat' dir='ltr'>glandia.</span> <span class='ocrx_word' id='word_1_130' title='bbox 1591 1897 1658 1930; x_wconf 82' lang='lat'>910</span> 
     </span>
     <span class='ocr_line' id='line_1_21' title="bbox 164 1956 1654 2011; baseline 0.001 -13"><span class='ocrx_word' id='word_1_131' title='bbox 164 1956 296 1998; x_wconf 89' lang='lat' dir='ltr'>Aulas</span> <span class='ocrx_word' id='word_1_132' title='bbox 329 1957 574 2009; x_wconf 85' lang='lat' dir='ltr'>calicesque</span> <span class='ocrx_word' id='word_1_133' title='bbox 609 1957 744 1998; x_wconf 85' lang='lat' dir='ltr'>omnis</span> <span class='ocrx_word' id='word_1_134' title='bbox 776 1956 1001 2010; x_wconf 74' lang='lat' dir='ltr'>confregit,</span> <span class='ocrx_word' id='word_1_135' title='bbox 1033 1958 1118 1998; x_wconf 90' lang='lat' dir='ltr'>nisi</span> <span class='ocrx_word' id='word_1_136' title='bbox 1142 1971 1254 2011; x_wconf 90' lang='lat' dir='ltr'>quae</span> <span class='ocrx_word' id='word_1_137' title='bbox 1279 1957 1487 1999; x_wconf 81' lang='lat' dir='ltr'>modiales</span> <span class='ocrx_word' id='word_1_138' title='bbox 1513 1962 1654 2009; x_wconf 77' lang='lat' dir='ltr'>erant3</span> 
     </span>
     <span class='ocr_line' id='line_1_22' title="bbox 165 2027 1431 2082; baseline 0.002 -14"><span class='ocrx_word' id='word_1_139' title='bbox 165 2027 326 2070; x_wconf 89' lang='lat' dir='ltr'>Cocum</span> <span class='ocrx_word' id='word_1_140' title='bbox 360 2028 712 2082; x_wconf 86' lang='lat' dir='ltr'>percontabatur,</span> <span class='ocrx_word' id='word_1_141' title='bbox 744 2033 976 2082; x_wconf 86' lang='lat' dir='ltr'>possentne</span> <span class='ocrx_word' id='word_1_142' title='bbox 1008 2030 1144 2070; x_wconf 87' lang='lat' dir='ltr'>seriae</span> <span class='ocrx_word' id='word_1_143' title='bbox 1176 2029 1431 2071; x_wconf 84' lang='lat' dir='ltr'>feruescere.</span> 
     </span>
     <span class='ocr_line' id='line_1_23' title="bbox 163 2098 1415 2154; baseline 0.001 -13"><span class='ocrx_word' id='word_1_144' title='bbox 163 2098 309 2142; x_wconf 86' lang='lat' dir='ltr'>Cellas</span> <span class='ocrx_word' id='word_1_145' title='bbox 339 2099 517 2153; x_wconf 79' lang='lat' dir='ltr'>refregit</span> <span class='ocrx_word' id='word_1_146' title='bbox 548 2101 685 2142; x_wconf 90' lang='lat' dir='ltr'>omnis</span> <span class='ocrx_word' id='word_1_147' title='bbox 717 2101 837 2142; x_wconf 83' lang='lat' dir='ltr'>intus</span> <span class='ocrx_word' id='word_1_148' title='bbox 868 2101 1134 2154; x_wconf 86' lang='lat' dir='ltr'>reclusitque</span> <span class='ocrx_word' id='word_1_149' title='bbox 1166 2102 1415 2142; x_wconf 86' lang='lat' dir='ltr'>armarium.</span> 
     </span>
     <span class='ocr_line' id='line_1_24' title="bbox 162 2171 1649 2226; baseline 0.001 -14"><span class='ocrx_word' id='word_1_150' title='bbox 162 2171 408 2213; x_wconf 84' lang='lat' dir='ltr'>Adseruate</span> <span class='ocrx_word' id='word_1_151' title='bbox 430 2172 572 2213; x_wconf 84' lang='lat' dir='ltr'>istunc</span> <span class='ocrx_word' id='word_1_152' title='bbox 597 2173 734 2224; x_wconf 74' lang='lat' dir='ltr'>sultis,</span> <span class='ocrx_word' id='word_1_153' title='bbox 760 2173 896 2223; x_wconf 80' lang='lat' dir='ltr'>serui3</span> <span class='ocrx_word' id='word_1_154' title='bbox 930 2186 1007 2226; x_wconf 84' lang='lat' dir='ltr'>ego</span> <span class='ocrx_word' id='word_1_155' title='bbox 1032 2172 1116 2223; x_wconf 85' lang='lat' dir='ltr'>ibo,</span> <span class='ocrx_word' id='word_1_156' title='bbox 1142 2178 1190 2214; x_wconf 94' lang='lat' dir='ltr'>ut</span> <span class='ocrx_word' id='word_1_157' title='bbox 1217 2174 1472 2214; x_wconf 89' lang='lat' dir='ltr'>conueniam</span> <span class='ocrx_word' id='word_1_158' title='bbox 1490 2187 1649 2224; x_wconf 86' lang='lat' dir='ltr'>senem;</span> 
     </span>
     <span class='ocr_line' id='line_1_25' title="bbox 162 2244 1657 2299; baseline 0.002 -15"><span class='ocrx_word' id='word_1_159' title='bbox 162 2244 315 2285; x_wconf 89' lang='lat' dir='ltr'>Dicam</span> <span class='ocrx_word' id='word_1_160' title='bbox 334 2248 383 2285; x_wconf 89' lang='lat' dir='ltr'>ut</span> <span class='ocrx_word' id='word_1_161' title='bbox 400 2244 480 2285; x_wconf 89' lang='lat' dir='ltr'>sibi</span> <span class='ocrx_word' id='word_1_162' title='bbox 498 2258 655 2298; x_wconf 87' lang='lat' dir='ltr'>penum</span> <span class='ocrx_word' id='word_1_163' title='bbox 674 2244 796 2286; x_wconf 87' lang='lat' dir='ltr'>aliud</span> <span class='ocrx_word' id='word_1_164' title='bbox 813 2248 949 2296; x_wconf 73' lang='lat' dir='ltr'>ornet,</span> <span class='ocrx_word' id='word_1_165' title='bbox 974 2245 1010 2286; x_wconf 87' lang='lat' dir='ltr'>si</span> <span class='ocrx_word' id='word_1_166' title='bbox 1035 2244 1210 2299; x_wconf 88' lang='lat' dir='ltr'>quidem</span> <span class='ocrx_word' id='word_1_167' title='bbox 1236 2259 1328 2286; x_wconf 87' lang='lat' dir='ltr'>sese</span> <span class='ocrx_word' id='word_1_168' title='bbox 1345 2246 1410 2286; x_wconf 88' lang='lat' dir='ltr'>uti</span> <span class='ocrx_word' id='word_1_169' title='bbox 1426 2245 1564 2296; x_wconf 76' lang='lat' dir='ltr'>uolet3</span> <span class='ocrx_word' id='word_1_170' title='bbox 1591 2255 1657 2289; x_wconf 82' lang='lat'>915</span> 
     </span>
     <span class='ocr_line' id='line_1_26' title="bbox 162 2315 1656 2369; baseline 0.001 -13"><span class='ocrx_word' id='word_1_171' title='bbox 162 2315 274 2357; x_wconf 77' lang='lat' dir='ltr'>Nam</span> <span class='ocrx_word' id='word_1_172' title='bbox 305 2316 399 2367; x_wconf 71' lang='lat' dir='ltr'>hoc,</span> <span class='ocrx_word' id='word_1_173' title='bbox 445 2315 514 2357; x_wconf 91' lang='lat' dir='ltr'>hic</span> <span class='ocrx_word' id='word_1_174' title='bbox 554 2316 726 2369; x_wconf 86' lang='lat' dir='ltr'>quidem</span> <span class='ocrx_word' id='word_1_175' title='bbox 766 2321 815 2358; x_wconf 90' lang='lat' dir='ltr'>ut</span> <span class='ocrx_word' id='word_1_176' title='bbox 852 2316 1059 2368; x_wconf 86' lang='lat' dir='ltr'>adornat,</span> <span class='ocrx_word' id='word_1_177' title='bbox 1107 2321 1184 2358; x_wconf 89' lang='lat' dir='ltr'>aut</span> <span class='ocrx_word' id='word_1_178' title='bbox 1222 2317 1307 2358; x_wconf 89' lang='lat' dir='ltr'>iam</span> <span class='ocrx_word' id='word_1_179' title='bbox 1346 2317 1454 2358; x_wconf 87' lang='lat' dir='ltr'>nihil</span> <span class='ocrx_word' id='word_1_180' title='bbox 1485 2321 1548 2358; x_wconf 88' lang='lat' dir='ltr'>est</span> <span class='ocrx_word' id='word_1_181' title='bbox 1581 2321 1656 2357; x_wconf 90' lang='lat' dir='ltr'>aut</span> 
     </span>
     <span class='ocr_line' id='line_1_27' title="bbox 1115 2389 1462 2431; baseline 0 -1"><span class='ocrx_word' id='word_1_182' title='bbox 1115 2389 1201 2431; x_wconf 88' lang='lat' dir='ltr'>iam</span> <span class='ocrx_word' id='word_1_183' title='bbox 1231 2389 1338 2430; x_wconf 88' lang='lat' dir='ltr'>nihil</span> <span class='ocrx_word' id='word_1_184' title='bbox 1371 2390 1462 2431; x_wconf 92' lang='lat' dir='ltr'>erit.</span> 
     </span>
    </p>
   </div>
   <div class='ocr_carea' id='block_1_5' title="bbox 195 2558 357 2562">
    <p class='ocr_par' dir='ltr' id='par_1_11' title="bbox 195 2558 357 2562">
     <span class='ocr_line' id='line_1_28' title="bbox 195 2558 357 2562; baseline 0 0"><span class='ocrx_word' id='word_1_185' title='bbox 195 2558 357 2562; x_wconf 95' lang='lat' dir='ltr'> </span> 
     </span>
    </p>
   </div>
   <div class='ocr_carea' id='block_1_6' title="bbox 368 2560 466 2564">
    <p class='ocr_par' dir='ltr' id='par_1_12' title="bbox 368 2560 466 2564">
     <span class='ocr_line' id='line_1_29' title="bbox 368 2560 466 2564; baseline 0 0"><span class='ocrx_word' id='word_1_186' title='bbox 368 2560 466 2564; x_wconf 95' lang='lat' dir='ltr'> </span> 
     </span>
    </p>
   </div>
   <div class='ocr_carea' id='block_1_7' title="bbox 161 2614 1654 2827">
    <p class='ocr_par' dir='ltr' id='par_1_13' title="bbox 161 2614 1654 2827">
     <span class='ocr_line' id='line_1_30' title="bbox 253 2614 1652 2659; baseline 0 -12"><span class='ocrx_word' id='word_1_187' title='bbox 253 2614 320 2648; x_wconf 82' lang='grc'>896</span> <span class='ocrx_word' id='word_1_188' title='bbox 344 2615 554 2657; x_wconf 79' lang='lat' dir='ltr'>tergoribus</span> <span class='ocrx_word' id='word_1_189' title='bbox 637 2616 702 2650; x_wconf 76' lang='lat'>898</span> <span class='ocrx_word' id='word_1_190' title='bbox 728 2615 954 2650; x_wconf 86' lang='lat' dir='ltr'>absumendo</span> <span class='ocrx_word' id='word_1_191' title='bbox 1027 2616 1120 2651; x_wconf 90' lang='lat' dir='ltr'>collo</span> <span class='ocrx_word' id='word_1_192' title='bbox 1204 2616 1270 2650; x_wconf 74' lang='lat'>899</span> <span class='ocrx_word' id='word_1_193' title='bbox 1294 2615 1506 2659; x_wconf 83' lang='lat' dir='ltr'>portinariis</span> <span class='ocrx_word' id='word_1_194' title='bbox 1568 2616 1652 2648; x_wconf 81' lang='grc'>,901</span> 
     </span>
     <span class='ocr_line' id='line_1_31' title="bbox 161 2670 1653 2716; baseline 0.002 -13"><span class='ocrx_word' id='word_1_195' title='bbox 161 2670 224 2704; x_wconf 85' lang='lat' dir='ltr'>ibo</span> <span class='ocrx_word' id='word_1_196' title='bbox 249 2673 291 2704; x_wconf 91' lang='lat' dir='ltr'>ut</span> <span class='ocrx_word' id='word_1_197' title='bbox 314 2670 562 2714; x_wconf 81' lang='lat' dir='ltr'>prefecturam</span> <span class='ocrx_word' id='word_1_198' title='bbox 589 2676 626 2705; x_wconf 78' lang='lat' dir='ltr'>et</span> <span class='ocrx_word' id='word_1_199' title='bbox 650 2672 706 2706; x_wconf 87' lang='lat' dir='ltr'>ius</span> <span class='ocrx_word' id='word_1_200' title='bbox 731 2673 766 2707; x_wconf 82' lang='lat' dir='ltr'><strong><em>B</em></strong></span> <span class='ocrx_word' id='word_1_201' title='bbox 846 2673 912 2708; x_wconf 83' lang='lat'>902</span> <span class='ocrx_word' id='word_1_202' title='bbox 937 2673 1023 2708; x_wconf 84' lang='lat' dir='ltr'>inde</span> <span class='ocrx_word' id='word_1_203' title='bbox 1049 2676 1135 2708; x_wconf 85' lang='lat' dir='ltr'>nate</span> <span class='ocrx_word' id='word_1_204' title='bbox 1212 2675 1278 2707; x_wconf 74' lang='lat'>904</span> <span class='ocrx_word' id='word_1_205' title='bbox 1302 2675 1388 2716; x_wconf 86' lang='lat' dir='ltr'>post</span> <span class='ocrx_word' id='word_1_206' title='bbox 1412 2671 1505 2705; x_wconf 89' lang='lat' dir='ltr'>hanc</span> <span class='ocrx_word' id='word_1_207' title='bbox 1588 2672 1653 2706; x_wconf 81' lang='lat'>905</span> 
     </span>
     <span class='ocr_line' id='line_1_32' title="bbox 163 2725 1654 2774; baseline 0.002 -14"><span class='ocrx_word' id='word_1_208' title='bbox 163 2725 285 2761; x_wconf 84' lang='lat' dir='ltr'>Cladis</span> <span class='ocrx_word' id='word_1_209' title='bbox 378 2728 444 2761; x_wconf 84' lang='lat'>907</span> <span class='ocrx_word' id='word_1_210' title='bbox 469 2728 568 2762; x_wconf 69' lang='lat' dir='ltr'>abest</span> <span class='ocrx_word' id='word_1_211' title='bbox 591 2740 614 2763; x_wconf 71' lang='lat' dir='ltr'>a</span> <span class='ocrx_word' id='word_1_212' title='bbox 639 2729 672 2763; x_wconf 89' lang='lat' dir='ltr'><em>B</em></span> <span class='ocrx_word' id='word_1_213' title='bbox 751 2731 818 2765; x_wconf 83' lang='grc'>909</span> <span class='ocrx_word' id='word_1_214' title='bbox 844 2742 955 2765; x_wconf 84' lang='lat' dir='ltr'>carne</span> <span class='ocrx_word' id='word_1_215' title='bbox 1037 2732 1103 2765; x_wconf 85' lang='grc'>910</span> <span class='ocrx_word' id='word_1_216' title='bbox 1127 2730 1336 2774; x_wconf 83' lang='lat' dir='ltr'>tergoribus</span> <span class='ocrx_word' id='word_1_217' title='bbox 1361 2728 1396 2762; x_wconf 91' lang='lat' dir='ltr'><strong><em>B</em></strong></span> <span class='ocrx_word' id='word_1_218' title='bbox 1479 2729 1542 2762; x_wconf 90' lang='grc'>911</span> <span class='ocrx_word' id='word_1_219' title='bbox 1569 2740 1654 2763; x_wconf 87' lang='lat' dir='ltr'>con·</span> 
     </span>
     <span class='ocr_line' id='line_1_33' title="bbox 161 2782 610 2827; baseline 0.004 -11"><span class='ocrx_word' id='word_1_220' title='bbox 161 2782 293 2827; x_wconf 82' lang='lat' dir='ltr'>fringit</span> <span class='ocrx_word' id='word_1_221' title='bbox 362 2786 426 2818; x_wconf 85' lang='grc'>916</span> <span class='ocrx_word' id='word_1_222' title='bbox 451 2784 521 2819; x_wconf 91' lang='lat' dir='ltr'>hoc</span> <span class='ocrx_word' id='word_1_223' title='bbox 547 2796 610 2820; x_wconf 81' lang='lat' dir='ltr'>om.</span> 
     </span>
    </p>
   </div>
  </div>
 </body>
</html>
