1897 3171
158 183 234 228 In,
249 183 383 218 25-42
820 179 1001 214 Curculio.
1566 179 1620 219 24
1627 179 1646 218 1

833 304 971 359 Lyco

599 377 711 419 Nam
742 376 845 431 quid
875 376 919 417 id
949 375 1084 417 refert
1114 389 1222 426 mea,
1584 385 1651 420 395

158 451 225 493 An
257 450 357 493 aula
388 463 549 505 quassa
581 463 678 492 cum
709 450 849 491 cinere
882 447 1073 490 ecfossus
1107 447 1215 489 siet?

777 535 1030 577 Curculio

159 608 497 663 Superstitiosus
528 608 599 650 hic
631 607 864 662 quidemst3
897 620 1004 648 uera
1034 606 1279 661 praedica&

158 680 271 723 Nam
301 681 428 723 illaec
460 679 711 735 catapultae
743 680 799 722 ad
829 693 897 721 me
930 678 1080 721 crebro
1114 680 1355 720 conmeant.

158 752 436 805 Adulescens,
470 752 522 795 ob
553 766 646 794 rem
677 752 897 806 publicam
926 750 1009 793 hoc
1039 751 1155 792 intus
1188 748 1293 790 mihi

159 824 286 874 Quod
316 825 483 879 insigne
514 824 667 875 habeo,
702 837 875 878 quaeso,
908 837 960 864 ne
994 837 1061 864 me
1092 821 1350 863 incomities.
1590 831 1658 865 400

836 910 970 965 Lyco
1556 896 1558 899 ,

159 983 337 1026 Licetne
367 983 569 1035 inforare,
601 983 637 1025 si
668 982 937 1024 incomitiare
969 994 1055 1024 non
1086 980 1219 1023 licet?

783 1068 1038 1111 Curculio

158 1141 257 1184 Non
287 1141 493 1184 inforabis
524 1156 591 1183 me
624 1142 810 1196 quidem,
841 1155 921 1183 nec
951 1140 1055 1182 mihi
1086 1138 1262 1194 placent

158 1213 298 1255 Tuum
329 1213 524 1268 profecto
555 1227 634 1256 nec
664 1213 806 1256 forum
836 1227 977 1267 neque
1012 1212 1248 1254 comitium.

159 1285 246 1328 Sed
275 1286 401 1338 hunc,
434 1300 560 1340 quem
593 1299 766 1339 quaero,
801 1290 1126 1327 conmonstrare
1159 1284 1194 1324 si
1225 1286 1363 1337 potes,

158 1357 295 1400 Inibis
327 1371 353 1399 a
382 1372 449 1400 me
481 1358 665 1400 solidam
697 1362 739 1400 et
771 1357 979 1411 grandem
1011 1357 1211 1411 gratiam.
1590 1364 1658 1399 405

163 1429 382 1484 Lyconem
413 1444 578 1484 quaero
610 1430 878 1484 trapezitam.

840 1516 979 1570 Lyco

933 1588 1012 1629 Dic
1042 1586 1160 1638 mihi,

162 1660 278 1711 Quid
310 1674 407 1702 eum
437 1674 551 1702 nunc
584 1660 788 1714 quaeris?
821 1663 897 1701 aut
929 1658 1184 1713 quoiatis's?

785 1760 1042 1803 Curculio

1241 1831 1453 1887 Eloquar:

166 1906 232 1948 Ab
264 1906 645 1960 Therapontigono
678 1905 959 1959 Platagidoro
991 1904 1138 1946 milite.

839 2007 977 2061 Lyco

161 2079 277 2121 Noui
308 2079 464 2134 edepol
493 2093 668 2132 nomen3
699 2093 798 2121 nam
830 2078 936 2121 mihi
966 2080 1078 2121 istoc
1109 2079 1294 2123 nomine.

161 2152 274 2193 Dum
306 2151 460 2203 scribo,
494 2152 663 2205 expleui
692 2156 808 2194 totas
842 2165 964 2193 ceras
997 2154 1215 2206 quattuor.
1593 2160 1660 2194 410

163 2223 252 2266 Sed
284 2223 389 2277 quid
419 2222 633 2278 Lyconem
665 2224 865 2277 quaeris?

788 2317 1041 2360 Curculio

902 2389 1205 2431 Mandatumst
1235 2387 1352 2439 mihi,

164 2461 225 2504 Ut
254 2461 334 2504 has
365 2461 554 2505 tabellas
586 2461 642 2504 ad
674 2475 771 2504 eum
801 2460 974 2504 ferrem.

255 2647 322 2681 396
348 2656 461 2691 quasa
558 2647 739 2681 397—400
764 2645 880 2682 tribus
905 2646 1081 2681 uersibus.
1183 2644 1317 2678 401-3
1343 2641 1493 2676 duobus.
1591 2641 1658 2674 402

164 2704 316 2748 placens
416 2703 551 2738 404—ss
584 2703 724 2738 duobus
750 2703 922 2738 uersibus.
1016 2703 1083 2737 405
1117 2700 1257 2746 grande
1350 2698 1507 2733 407—10
1540 2696 1657 2732 tribus

167 2760 341 2796 uersibus.
411 2761 478 2795 407
505 2759 636 2794 cuiatis
706 2761 773 2794 412
798 2758 912 2795 ferret

1319 2823 1360 2856 16
