1854 3188
242 183 295 221 32
925 180 1045 215 Plauti
1453 181 1514 223 III,
1528 183 1559 222 3,
1574 182 1674 224 6-4,
1690 181 1731 215 15

247 304 440 357 Coquite,
471 304 615 356 facite,
647 304 850 347 festinate
882 319 995 347 nunc
1025 307 1123 357 iam,
1158 309 1367 359 quantum
1397 304 1529 346 lubet.
1664 317 1732 350 445

873 377 1102 430 Congrio

242 447 456 501 Temperi,
488 452 720 503 postquam
751 449 976 503 inpleuisti
1007 449 1111 489 fusti
1141 448 1337 490 fissorum
1370 452 1511 501 caput.

897 520 1082 561 Euclio

241 590 361 632 Intro
394 590 478 632 abi.
541 592 683 645 Opera
714 591 798 633 huc
832 592 1045 633 conducta
1077 595 1142 633 est
1173 594 1335 641 uostra,
1367 605 1453 632 non
1485 591 1635 633 oratio.

873 662 1103 715 Congrio

242 735 383 786 Heus,
422 748 570 786 senex,
608 749 685 788 pro
728 735 977 788 uapulando
1017 734 1159 775 hercle
1199 748 1275 787 ego
1308 734 1384 775 abs
1415 738 1457 775 te
1489 734 1732 775 mercedem

1196 809 1354 859 petam.

243 878 424 920 Coctum
456 891 546 931 ego,
579 893 665 919 non
697 878 966 932 uapulatum,
1000 878 1161 918 dudum
1194 878 1432 918 conductus
1464 875 1536 918 fui.

895 949 1079 990 Euclio

242 1023 356 1075 Lege
374 1023 489 1076 agito
507 1035 687 1063 mecum.
751 1021 962 1063 Molestus
987 1036 1039 1062 ne
1067 1022 1138 1062 sis.
1200 1020 1219 1060 I
1247 1024 1288 1061 et
1315 1033 1464 1061 cenam
1482 1034 1627 1072 coque,
1667 1031 1735 1064 450

241 1096 329 1136 Aut
359 1095 430 1136 abi
461 1095 504 1135 in
536 1094 696 1134 malum
728 1094 971 1134 cruciatum
1004 1093 1058 1133 ab
1091 1092 1286 1134 aedibus.

870 1164 1107 1218 Congrio

1356 1236 1439 1277 Abi
1469 1240 1518 1277 tu
1550 1235 1689 1276 modo.

773 1380 958 1422 SENEX
989 1378 1211 1421 EUCLIO.

241 1469 336 1510 Illic
366 1468 465 1510 hinc
496 1468 615 1510 abiit.
676 1468 730 1509 Di
761 1467 1026 1517 inmortales,
1059 1466 1228 1508 facinus
1262 1466 1403 1507 audax
1434 1465 1599 1520 incipit,

245 1541 328 1591 Qui
362 1554 459 1581 cum
493 1540 697 1595 opulento
729 1554 894 1593 pauper
927 1540 1068 1593 coepit
1093 1553 1183 1580 rem
1208 1537 1369 1579 habere
1398 1541 1475 1579 aut
1499 1538 1734 1591 negotium.

246 1613 394 1654 Ueluti
423 1628 489 1653 me
519 1612 779 1665 Megadorus
811 1616 997 1665 temptat
1030 1610 1228 1652 omnibus
1260 1610 1466 1651 miserum
1497 1609 1657 1662 modis3

245 1685 327 1734 Qui
362 1684 583 1726 simulauit
618 1684 702 1724 mei
734 1684 908 1725 honoris
942 1684 1114 1724 mittere
1140 1683 1224 1723 huc
1258 1695 1392 1723 causa-
1424 1695 1596 1734 coquos,
1667 1692 1734 1726 455

244 1757 285 1798 Is
317 1771 368 1798 ea
398 1770 530 1798 causa
560 1756 690 1807 misit,
723 1755 805 1796 hoc
838 1756 911 1809 qui
945 1755 1219 1808 subriperent
1251 1755 1407 1795 misero
1440 1752 1556 1794 mihi.

245 1827 467 1881 Condigne
500 1829 630 1869 etiam
661 1842 782 1868 meus
816 1841 882 1867 me
913 1827 1028 1867 intus
1061 1826 1198 1879 gallus
1229 1825 1508 1879 gallinaceus,

245 1900 326 1950 Qui
358 1904 454 1941 erat
484 1901 586 1941 anui
618 1899 867 1953 peculiaris,
900 1898 1092 1952 perdidit
1122 1898 1408 1951 paenissume.

242 1972 327 2014 Ubi
359 1976 451 2012 erat
481 1972 589 2012 haec
622 1970 804 2021 defossa,
839 1970 1008 2023 occepit
1038 1970 1098 2010 ibi
1129 1969 1389 2023 scalpurrire
1419 1968 1592 2022 ungulis

244 2043 546 2084 Circumcirca.
580 2043 691 2093 Quid
709 2048 837 2096 opust
853 2041 1029 2082 uerbis'.>
1051 2042 1112 2082 ita
1129 2041 1233 2082 mihi
1250 2044 1407 2095 pectus
1424 2040 1643 2094 peracuit:
1668 2051 1736 2084 460

245 2115 379 2169 Capio
410 2115 577 2166 fustem,
612 2119 823 2168 opt-runco
855 2112 1030 2166 gallum,
1063 2113 1201 2153 furem
1232 2112 1590 2153 manifestarium.

242 2186 382 2228 Credo
415 2186 569 2240 edepol
601 2201 678 2240 ego
711 2186 775 2226 illi
805 2185 1048 2226 mercedem
1079 2185 1192 2239 gallo
1226 2184 1443 2238 pollicitos
1477 2197 1648 2236 coquos,

242 2259 286 2301 Si
317 2258 360 2300 id
393 2258 538 2312 palam
568 2257 766 2309 fecisset3
801 2258 937 2298 exemi
971 2271 1022 2298 ex
1053 2271 1182 2298 manu
1213 2256 1499 2297 manubrium.

241 2330 355 2381 Quid
387 2334 514 2383 opust
544 2329 718 2370 uerbis?
750 2328 908 2369 factast
939 2343 1086 2382 pugna
1117 2329 1160 2369 in
1193 2328 1306 2381 gallo
1339 2327 1590 2380 gallinaceo.

238 2402 324 2444 Sed
357 2401 633 2455 Megadorus,
664 2415 783 2441 meus
816 2400 981 2451 adfinis,
1015 2414 1161 2441 eccum
1192 2400 1354 2440 incedit
1386 2413 1411 2440 a
1442 2398 1548 2440 foro.
1668 2408 1734 2442 465

242 2474 335 2516 Iam
351 2473 465 2515 hunc
482 2487 568 2514 non
586 2473 724 2514 ausim
741 2473 994 2526 praeterire,
1028 2473 1129 2525 quin
1155 2472 1386 2513 consistam
1416 2475 1457 2511 et
1484 2469 1733 2524 conloquar.

331 2644 399 2677 448
423 2643 453 2677 Ε
479 2654 616 2677 usenex
726 2644 792 2676 451
819 2641 1009 2676 abedibus.
1037 2642 1096 2675 abi
1199 2642 1266 2675 453
1290 2652 1433 2685 pauper
1457 2640 1608 2674 homine
1634 2639 1734 2683 cepit

241 2702 309 2734 454
332 2700 444 2734 Uelut
467 2700 692 2744 Megadorus
717 2702 876 2743 temptat
900 2710 956 2732 me
1050 2699 1115 2732 455
1143 2698 1250 2731 simul
1270 2701 1332 2732 aut
1426 2698 1493 2731 457
1518 2695 1732 2740 gallinatius

240 2758 309 2791 458
326 2757 522 2801 pecullaris
617 2756 827 2802 penussime
921 2757 987 2790 459
1013 2755 1169 2799 ungulas
