1897 3171
743 186 785 220 V.
811 188 998 221 390—398.
1533 188 1612 226 317

130 317 271 355 Pollux
286 316 333 363 X,
364 318 462 362 112;
494 329 564 353 nec
580 316 721 352 mirum
738 318 797 352 est
821 314 999 351 Graecum
1015 327 1159 351 nomen
1182 314 1385 351 masculini
1405 314 1557 362 generis
1574 313 1614 349 in

130 385 356 422 femininum
387 397 508 433 genus
539 385 738 430 transisse,
769 397 805 421 v.
839 383 887 420 ad
916 381 1058 432 Amph.
1085 383 1136 419 99
1170 385 1208 418 et
1242 383 1332 419 117.
1393 381 1612 418 Francken.

135 451 370 500 „utendum“
402 466 517 489 ausus
543 456 612 489 est.
637 472 689 477 —-
724 453 815 490 393.
847 448 885 488 δέ
913 448 1042 498 Sapis,
1075 450 1260 486 minantis
1287 455 1355 487 est.
1381 470 1435 474 —-
1464 451 1542 487 394
1569 463 1615 486 ex

130 522 258 559 Nonio
283 521 525 567 emendatus,
559 521 625 570 qui
649 534 686 569 p.
717 521 814 557 530:
867 518 1001 565 „Quod
1024 517 1127 555 ludis
1151 518 1265 567 pueri
1280 518 1467 566 praesules
1486 520 1616 554 essent

128 587 262 639 ylabri
293 603 336 626 ac
368 589 514 638 depiles
546 592 710 638 propter
741 590 913 633 aetatem,
962 600 1058 636 quos
1100 587 1252 635 antiqui
1282 586 1448 623 Romani
1489 585 1614 634 lydios

132 657 398 707 appellabant,
430 661 475 693 ut
505 661 563 693 est
593 658 634 693 in
665 656 733 694 lib.
758 656 776 693 I
800 655 987 692 Varronis
1013 654 1061 691 de
1082 655 1167 691 vita
1192 654 1233 691 P.
1261 653 1306 691 R.
1334 654 1426 690 Ideo
1452 654 1614 690 Plautus

130 727 170 763 in
194 726 417 763 Aulularia:
450 725 507 762 Tu
540 727 657 762 istum
688 725 844 774 gallum,
879 726 910 761 si
941 724 1048 769 satis,
1081 721 1324 758 Glabriorem
1358 722 1490 758 reddis
1521 722 1615 759 mihi

130 808 245 844 quam
275 794 408 831 vulsus
440 792 608 842 lydius“.
669 789 834 830 Ludius
857 795 985 829 autem
1012 791 1154 828 histrio
1181 793 1241 827 est
1265 790 1304 827 in
1327 790 1431 826 ludis
1456 791 1614 828 saltans,

129 863 274 900 Italicae
307 875 350 899 ac
380 862 611 910 plerumque
643 861 818 898 Etruscae
850 860 1015 908 originis
1046 859 1086 896 hi
1125 872 1208 896 esse
1240 858 1429 905 solebant,
1463 872 1497 895 v.
1531 858 1615 895 Liv.

129 931 219 977 VII,
253 932 295 977 2,
331 932 372 977 6,
412 930 513 967 unde
550 929 670 976 „ludii
701 926 882 966 barbari“
918 928 1071 965 Curcul.
1109 929 1199 964 150.
1268 927 1441 975 Antiqua
1471 940 1546 963 vox
1579 930 1617 963 et

130 998 304 1036 Ciceroni
338 1002 377 1035 et
400 998 588 1036 Suetonio
615 998 817 1035 familiaris
841 999 1106 1047 posteriorum
1132 995 1361 1033 saeculorum
1388 995 1614 1032 hominibus

129 1070 263 1116 ignota
296 1071 400 1113 erat,
447 1066 682 1115 librat-iique
722 1079 787 1102 eos
831 1062 1008 1114 „lydios“
1051 1066 1162 1114 quasi
1203 1077 1226 1100 a
1257 1063 1382 1112 Lydia
1415 1064 1614 1113 appellare

129 1136 268 1172 solent.
328 1134 584 1172 Effeminatos
615 1135 789 1171 homines
820 1134 941 1171 fuisse
973 1137 1022 1181 et,
1057 1147 1103 1170 ne
1135 1133 1438 1169 adolescentiam
1472 1134 1615 1181 egressi

128 1203 377 1250 uiderentur,
423 1204 525 1252 pilos
564 1217 696 1240 omnes
737 1217 783 1240 ex
815 1216 978 1251 corpore
1010 1202 1187 1239 studiose
1219 1201 1434 1237 extraxisse
1467 1200 1614 1246 solitos,

129 1285 175 1308 ex
205 1271 279 1308 hoc
309 1272 394 1308 loco
425 1275 601 1321 apparet.
627 1291 681 1296 -—
707 1272 800 1309 396.
833 1266 1016 1318 officium
1040 1280 1172 1317 suum,
1205 1269 1283 1306 vid.
1311 1268 1358 1305 ad
1386 1269 1494 1305 Asin.
1525 1269 1614 1305 172.

127 1360 183 1365 -—-
216 1341 308 1377 397.
350 1339 530 1377 Anthrax
568 1341 672 1377 intro
709 1343 914 1390 properat,
957 1353 1004 1376 ne
1042 1339 1266 1376 adiutorum
1305 1350 1463 1374 suorum
1504 1337 1617 1386 culpa

129 1409 244 1445 etiam
260 1409 298 1444 in
319 1408 521 1456 Megadori
539 1409 685 1446 aeclibus
704 1408 831 1445 turbae
848 1407 956 1446 fiant.
997 1408 1092 1445 Post
1111 1403 1240 1444 &urbae
1264 1406 1405 1452 hiatus,
1440 1406 1617 1455 quamvis

127 1478 167 1514 in
200 1481 340 1526 quarto
371 1477 482 1526 pede,
514 1476 710 1523 ferendus,
743 1491 779 1515 V.
812 1477 992 1526 Prolegg.
1025 1490 1064 1525 p.
1101 1477 1199 1521 1833
1233 1473 1457 1520 corrigendi
1488 1474 1617 1511 varios

129 1549 289 1583 conatus
321 1546 574 1595 protulerunt
603 1545 789 1592 Wagner.
822 1549 860 1582 et
890 1545 1048 1581 Miiller.
1081 1557 1119 1594 p.
1155 1545 1247 1581 519.
1310 1543 1472 1579 Versum
1505 1542 1618 1578 affert

129 1615 246 1651 etiam
283 1613 434 1651 Nonius
471 1628 509 1663 p.
545 1615 643 1650 525:
695 1613 836 1659 „redeo
875 1614 977 1650 intro
1018 1625 1066 1649 ne
1106 1612 1199 1661 quid
1238 1611 1299 1648 hic
1339 1610 1466 1647 turbae
1507 1608 1614 1648 fiat“.

128 1682 204 1719 Sed
233 1678 328 1730 fuat
356 1684 440 1719 iure
473 1682 666 1718 editorum
698 1682 895 1731 plerique,
937 1682 1026 1730 quia
1058 1694 1173 1718 verus
1204 1679 1354 1716 iambus
1388 1680 1614 1728 requiritur,

129 1751 177 1788 ef.
211 1752 305 1787 418.

245 1957 336 1992 398.
370 1955 538 2004 Congrio
563 1968 611 1991 ex
627 1954 827 1991 Euclionis
855 1954 967 1991 domo
993 1953 1221 1990 verberibus
1250 1954 1442 2003 minisque
1468 1955 1615 1991 eiectus

129 2025 169 2061 in
184 2025 430 2075 proscenium
446 2026 645 2073 procurrit
662 2023 971 2060 misericordiam
988 2022 1186 2059 hominum
1205 2021 1405 2059 obtestans
1424 2035 1616 2072 opemque

130 2092 354 2141 implorans.
415 2091 618 2128 Canticum
650 2091 990 2128 vehementissime
1030 2094 1265 2128 commotum
1294 2090 1505 2127 trochaicis
1537 2091 1616 2126 fere

130 2161 300 2197 numeris
332 2161 587 2209 compositum
625 2164 682 2196 est
721 2164 757 2196 et
791 2160 949 2210 quidem
981 2160 1021 2196 in
1052 2161 1273 2207 systematis
1305 2158 1462 2195 modum
1496 2160 1616 2195 conti-

130 2230 273 2266 nuatis
341 2228 395 2266 Ut
437 2229 539 2265 enim
575 2229 678 2278 apud
709 2241 779 2265 nos
813 2227 1003 2275 eduntur,
1051 2216 1238 2276 quattuor
1277 2228 1498 2264 octonarios
1538 2230 1615 2262 tro-

131 2297 284 2334 chaicos
322 2297 467 2346 excipit
501 2298 754 2345 septenarius.
816 2296 1004 2346 Sequitur
1034 2296 1225 2332 iambicus
1256 2297 1501 2341 octonarius,
1550 2295 1617 2343 qui

132 2366 286 2414 spurius
316 2365 489 2411 videtur3
521 2367 603 2401 tum
626 2365 846 2402 trochaicus
874 2366 1121 2411 octonarius3
1153 2367 1351 2413 postremo
1369 2364 1616 2411 septenarius

132 2433 349 2470 trochaicus
381 2446 466 2470 cum
496 2433 663 2470 iambico
696 2434 908 2470 octonario.
955 2433 1000 2470 In
1024 2432 1136 2470 libris
1162 2446 1197 2470 v.
1224 2433 1389 2470 402-*3
1416 2434 1616 2479 ponuntur

131 2507 223 2550 post
255 2502 355 2548 406,
402 2501 469 2538 sed
510 2503 594 2538 iure
625 2501 826 2538 Acidalius
858 2501 1139 2538 animadvertit
1169 2514 1229 2537 vv.
1264 2501 1427 2536 405——0
1461 2512 1615 2534 scenam

133 2570 324 2608 claudere.
378 2570 414 2606 Is
447 2571 567 2619 igitur
596 2570 683 2606 illos
715 2568 791 2606 duo
822 2583 956 2606 versus
986 2570 1047 2606 his
1080 2569 1322 2616 anteposuit3
1356 2567 1491 2615 Wagn.
1517 2580 1613 2615 prae-

133 2641 241 2674 terea
271 2651 307 2675 v.
327 2638 406 2675 404
438 2639 568 2675 versui
601 2639 680 2675 400
713 2639 949 2686 anteposuit.
997 2637 1080 2674 Hoc
1112 2636 1267 2685 quidem
1300 2648 1377 2671 non
1409 2638 1467 2670 est
1499 2648 1614 2682 opus3

134 2706 231 2742 illud
262 2707 469 2755 quaeritur,
510 2720 586 2754 quo
626 2706 712 2742 loco
744 2707 875 2743 omissi
907 2707 986 2742 sint
1016 2705 1073 2741 illi
1104 2717 1259 2749 versus,
1300 2716 1397 2751 quos
1430 2703 1616 2738 librarius

135 2777 314 2811 extremae
346 2788 469 2810 scenae
501 2774 688 2820 adiunxit,
722 2788 809 2810 nam
837 2774 1033 2810 Acidulius
1065 2773 1129 2808 vix
1153 2785 1285 2808 verum
1311 2772 1470 2807 invenit.
1521 2770 1616 2806 Mihi
