1897 3171
795 209 949 253 Captiui.
1539 214 1620 253 459

129 340 213 375 tum
243 338 329 388 ipsa
358 338 491 376 fabula
520 351 767 388 nequaquam
798 340 880 375 tam
912 338 1058 375 multos
1088 339 1307 376 imitatores
1330 340 1481 378 invenit
1504 354 1621 390 quam

128 405 334 444 Aulularia
365 407 528 457 aliaeque
558 407 763 444 Plautinae.
823 406 1044 456 Dunlopius
1074 406 1253 456 (History
1284 408 1327 444 of
1352 408 1502 446 Roman
1532 409 1621 447 lite-

129 477 264 511 rature
301 474 338 522 Ι,
385 488 422 525 p.
460 473 555 523 172)
603 475 804 524 antiquam
842 474 1048 522 Anglicam
1092 474 1264 512 fabulam
1315 476 1421 522 „The
1464 491 1550 514 case
1588 480 1621 515 is

129 539 305 580 altered“
337 543 427 581 hinc
459 543 614 581 ductam
645 557 730 580 esse
762 542 878 589 dicit,
920 546 1003 579 tum
1034 542 1200 590 Rotrou,
1233 547 1352 592 poeta
1376 544 1511 582 Gallus
1542 546 1621 593 „les

129 608 305 661 Captifs“
339 607 515 661 scripsitJ,
548 615 587 649 et
617 625 694 649 non
725 611 834 649 nulla
868 613 987 648 etiam
1019 611 1182 648 Ariostii
1216 612 1351 650 fabula
1394 613 1435 659 „I
1473 613 1620 664 Suppo-

129 677 218 716 siti“
252 679 341 717 hinc
372 683 554 717 mutuata
583 680 752 718 videtur.
808 679 986 717 Avorum
1011 682 1144 717 autem
1175 685 1400 717 nostrorum
1434 684 1622 720 memoria

128 748 303 797 gravitas
348 748 464 786 huius
507 748 649 786 fabulae
695 748 905 786 admodum
951 749 1118 797 placuit3
1165 762 1237 785 nec
1275 749 1421 786 iniuria
1463 750 1510 787 ab
1550 750 1621 788 hoc

128 816 236 854 fonte
274 816 434 854 ductum
464 820 630 867 putatur
659 830 780 866 genus
811 816 928 863 illud,
971 816 1077 866 quod
1109 815 1213 853 Galli
1248 816 1310 863 „la
1342 817 1516 855 comedie
1547 819 1621 856 lar-

128 882 334 933 moyante“
370 885 632 935 appellarunt,
673 888 712 922 et
751 885 791 921 in
823 884 1072 922 Germaniam
1106 885 1341 923 translat-um
1373 885 1545 923 Ifflandii
1585 891 1622 924 et

128 952 340 990 Kotzebuii
369 953 525 1002 ingenia
556 953 822 991 excoluerunt.

243 1020 425 1070 Captivos
456 1021 569 1058 multi
600 1022 674 1058 viri
706 1021 812 1058 docti
843 1023 1057 1071 separatim
1089 1021 1318 1068 ediderunt,
1359 1022 1430 1059 hoc
1462 1022 1620 1072 quidem

128 1089 270 1127 saeculo
300 1089 506 1127 Avellinus
535 1089 703 1140 Neapoli
739 1091 866 1136 1807,
907 1089 1079 1127 Bosscha
1110 1089 1283 1127 Traiecti
1318 1091 1436 1136 1817,
1481 1091 1622 1128 Linde-

128 1171 295 1195 mannus
312 1157 455 1207 Lipsiae
477 1159 594 1205 1823,
627 1159 746 1205 1830,
775 1157 894 1204 1844,
923 1158 1046 1195 Ekius
1071 1157 1219 1195 Lundae
1250 1159 1367 1204 1853,
1401 1158 1621 1209 Geppertus

128 1225 305 1263 Berolini
339 1225 458 1273 1859,
490 1226 659 1273 Brixius,
693 1226 798 1276 Lips.
836 1227 954 1273 1864,
997 1226 1056 1264 ed.
1088 1230 1180 1264 tert.
1217 1228 1344 1273 1876,
1385 1229 1622 1266 nostratium

129 1297 261 1332 autem
293 1293 552 1332 O.Wor1nius
586 1292 664 1340 (ed,
696 1298 786 1344 post
815 1298 982 1332 mortem
1014 1296 1096 1332 eius
1132 1293 1254 1339 1834)
1286 1299 1325 1332 et
1357 1309 1426 1344 ego
1458 1296 1622 1334 Hauniae

133 1363 252 1401 1869.
325 1362 388 1400 Ad
425 1363 528 1401 hanc
567 1367 696 1401 autem
735 1363 950 1401 editionem
990 1367 1136 1413 praeter
1175 1376 1238 1410 ea,
1287 1375 1372 1410 quae
1405 1364 1623 1402 attulerunt

129 1432 364 1480 superiores,
396 1431 493 1469 1111111
522 1435 669 1482 praesto
701 1432 862 1469 fuerunt
893 1432 1134 1478 collationes,
1169 1445 1266 1481 quas
1290 1433 1372 1481 ipse
1398 1432 1484 1479 feci,
1518 1432 1622 1470 codi-

129 1512 215 1537 cum
245 1499 276 1536 B
308 1503 347 1536 et
376 1499 394 1536 I
427 1498 480 1547 (v.
513 1499 669 1548 Proleg.
702 1514 739 1550 p.
778 1501 853 1538 157
889 1505 928 1537 et
962 1497 1080 1546 155),
1118 1513 1284 1549 quorum
1316 1500 1421 1537 illius
1454 1501 1622 1538 varieta-

50 1570 51 1573 ’
125 1570 206 1605 tem
252 1569 453 1605 contextui
498 1568 732 1617 subscripsi,
779 1567 900 1614 hunc,
949 1570 1136 1617 quoniam
1182 1572 1364 1605 accurata
1402 1568 1546 1605 codicis
1585 1568 1619 1606 D

126 1636 336 1674 collatione
377 1649 508 1683 careo,
554 1649 626 1686 pro
665 1640 883 1673 ceterorum
923 1635 1098 1673 codicum
1137 1637 1283 1673 vicario
1322 1636 1452 1674 habui.
1513 1637 1557 1673 In
1589 1637 1619 1674 B

126 1704 516 1742 animadvertendum
549 1709 607 1742 est
635 1706 810 1755 priorem
841 1704 985 1741 fabulae
1015 1709 1181 1754 partem,
1221 1718 1343 1753 usque
1376 1704 1424 1741 ad
1455 1718 1490 1742 v.
1528 1706 1618 1751 190,

127 1772 263 1810 eadem
304 1773 499 1822 elegantia
537 1786 616 1822 qua
654 1773 858 1821 superiora
896 1773 1082 1821 scriptam
1123 1786 1222 1819 esse,
1272 1786 1293 1810 a
1333 1786 1368 1810 v.
1405 1774 1479 1810 191
1523 1773 1620 1810 alius

124 1841 280 1878 librarii
311 1854 467 1878 manum
498 1842 677 1891 excipere
709 1841 836 1878 minus
866 1842 1130 1879 exercitatam.
1177 1841 1429 1878 Ambrosiani
1454 1841 1619 1890 palimp-

126 1911 222 1948 sesti
255 1907 345 1957 (A),
389 1910 498 1947 cuius
537 1913 681 1946 testem
713 1909 899 1947 habemus
930 1909 1190 1959 Geppertuln,
1239 1909 1288 1946 ad
1318 1909 1417 1946 hanc
1448 1909 1620 1946 fabulam

125 1977 204 2015 duo
233 1981 388 2015 tantum
417 1978 511 2015 folia
541 1979 762 2028 pertinent,
797 1991 962 2027 quorum
993 1979 1102 2027 prius
1136 1978 1330 2015 continuit
1362 1991 1423 2014 vv.
1459 1979 1537 2015 899
1572 1977 1621 2015 ad

128 2047 227 2093 926,
266 2047 464 2096 posterius
504 2050 677 2083 extrema
716 2045 857 2083 fabulae
891 2060 913 2083 a
943 2060 978 2084 v.
1016 2047 1143 2093 1018,
1191 2045 1259 2083 sed
1300 2047 1356 2082 ita
1387 2050 1430 2082 ut
1462 2050 1554 2096 post
1584 2060 1619 2084 v.

130 2115 238 2153 1024
268 2114 368 2152 nihil
397 2115 555 2152 omnino
586 2114 665 2163 legi
695 2115 872 2164 potuerit
904 2118 942 2151 et
973 2118 1191 2151 ceterorum
1224 2127 1432 2163 perpauca.
1497 2114 1621 2152 Huius

127 2195 285 2232 quoque
317 2182 623 2233 discrepantiam
654 2183 783 2220 textui
815 2182 991 2220 subnexi.

239 2250 500 2288 Personarum
546 2252 706 2288 nomina
746 2250 843 2287 nihil
883 2250 1092 2288 admodum
1132 2250 1384 2287 memorabile
1425 2249 1617 2299 praebent.

125 2319 187 2357 Ex
210 2318 347 2356 Graeoa
377 2319 508 2357 fabula
535 2320 740 2357 immutata
763 2319 929 2355 retinuit
953 2318 1116 2355 Latinus
1139 2323 1267 2368 poeta.
1314 2317 1387 2364 Qui
1410 2317 1621 2365 Ἀριστοφῶν

127 2386 261 2425 Graece
293 2391 390 2434 erat,
425 2387 565 2424 Latine
590 2383 907 2435 Aristophontes
937 2386 993 2433 fit,
1027 2389 1183 2424 nomine
1217 2386 1267 2423 ad
1299 2399 1408 2423 casus
1441 2386 1620 2434 obliquos

125 2456 308 2502 formato,
340 2460 385 2492 ut
408 2455 733 2504 Bellerophontes
766 2455 911 2493 dicitur
941 2469 1020 2493 non
1052 2456 1178 2492 minus
1205 2468 1317 2503 quam
1346 2454 1618 2503 Bellerophon,

127 2523 175 2561 cf.
206 2523 350 2572 Bergk.
382 2523 569 2560 Zeitschr.
602 2524 628 2561 f.
660 2523 955 2561 Alterthumsw.
992 2525 1111 2569 1850,
1154 2537 1190 2572 p.
1226 2524 1318 2559 335.
1379 2517 1619 2571 Eryt‘csileffl,

127 2592 140 2628 i
165 2591 287 2638 brevi,
315 2591 529 2629 formatum
551 2595 596 2628 ut
618 2591 810 2638 Ὀνήσιλος,
835 2592 982 2628 ironice
1008 2593 1209 2641 parasitus
1236 2589 1427 2638 appellari
1450 2589 1618 2635 videtur,

128 2660 240 2709 quasi
271 2672 461 2709 operosus
494 2663 561 2696 aut
593 2659 825 2697 industrius.
895 2655 1153 2708 Stalafflnus,
1195 2657 1299 2706 quod
1331 2657 1491 2704 fugitivi
1518 2658 1621 2693 servi

127 2740 269 2765 nomen
292 2731 361 2774 est,
389 2726 553 2765 Guttam
578 2727 786 2776 significat,
815 2731 853 2764 et
873 2728 927 2765 sic
945 2727 1204 2764 Athenienses
1230 2725 1267 2760 τὸ
1293 2727 1418 2773 μικρὸν
1445 2727 1622 2766 παντελῶς
