1854 3188
132 194 194 239 IV,
208 196 242 239 4,
261 195 393 229 12—20
786 195 984 229 Aulularia.
1572 201 1622 238 41

748 319 774 361 S
786 324 833 361 tr
843 334 866 361 o
878 319 903 361 b
916 320 954 361 il
966 335 994 361 u
1006 334 1024 362 s

136 391 251 442 Quid
267 406 346 446 ego
363 392 549 446 ponam?
583 390 697 441 Quin
713 395 760 433 tu
778 392 992 446 eloquere,
1018 392 1229 445 quidquid
1248 397 1325 445 est,
1346 408 1423 435 suo
1441 394 1627 435 nomine.

134 463 234 506 Non
263 463 410 506 hercle
443 463 641 518 equidem
673 464 908 517 quidquam
941 465 1107 518 sumpsi
1137 478 1216 506 neo
1247 466 1384 518 tetigi.

786 558 976 600 Euclio

1124 631 1312 673 Ostende
1344 630 1427 672 huo
1462 645 1630 672 manus.

749 713 1026 756 Strobilus

138 788 220 829 Em
250 787 331 828 tibi
362 786 545 838 ostendi,
577 786 720 828 eccas!

790 873 978 915 Euclio

718 945 869 987 Uideo.
931 946 1033 998 Age,
1067 945 1244 986 ostende
1277 945 1409 986 etiam
1440 945 1631 986 tertiam.

752 1040 1031 1082 Strobilus

142 1113 311 1155 Laruae
343 1112 458 1154 huno
491 1117 622 1166 atque
654 1113 938 1166 intemperiae
970 1112 1251 1166 insaniaeque
1280 1112 1448 1165 agitant
1474 1125 1634 1152 senem.

139 1185 173 1226 F
177 1185 323 1227 acisne
354 1185 567 1237 iniuriam,
600 1199 655 1226 an
687 1185 799 1226 non‘?

794 1279 988 1320 Euclio

583 1351 755 1403 Fateor,
789 1352 892 1404 quia
921 1365 1006 1392 non
1038 1350 1212 1404 pendes,
1245 1364 1505 1401 maxumam,
1566 1362 1633 1395 635

144 1423 284 1479 Atque
316 1424 360 1465 id
392 1437 564 1478 quoque
596 1425 683 1466 iam
713 1424 799 1475 fiet,
832 1424 915 1465 nisi
946 1422 1096 1464 fatere.

756 1518 841 1560 Str
855 1533 878 1559 o
889 1518 916 1560 b
928 1520 941 1559 i
952 1519 967 1560 l
978 1533 1005 1560 u
1018 1533 1036 1560 s

1189 1589 1300 1640 Quid
1334 1590 1473 1631 fatear
1503 1589 1611 1631 tibi?

795 1677 987 1720 Euclio

148 1750 261 1800 Quid
292 1750 513 1792 abstulisti
544 1750 672 1792 hino?

758 1838 1034 1880 Strobilus

500 1909 555 1951 Di
588 1924 654 1951 me
685 1911 883 1964 perdant,
916 1911 951 1951 si
984 1924 1060 1964 ego
1093 1910 1158 1952 tui
1193 1909 1433 1963 quidquam
1466 1908 1641 1960 abstuli,

146 1981 260 2023 Niue
291 1981 398 2024 adeo
432 1981 664 2024 abstulisse
694 1983 864 2024 uellem.

801 2077 836 2118 E
848 2093 875 2118 u
889 2092 910 2119 e
921 2078 935 2118 1
946 2078 960 2118 i
973 2091 995 2118 o

918 2149 1126 2203 Agedum,
1161 2148 1421 2190 excutedum
1452 2147 1641 2201 pallium.

757 2244 783 2286 S
796 2249 814 2285 t
825 2259 846 2285 r
857 2260 879 2286 o
892 2245 918 2286 b
933 2244 1007 2285 ilu
1020 2259 1037 2285 s

150 2315 245 2358 Tuo
278 2316 509 2358 arbitratu.

800 2389 834 2430 E
845 2403 872 2429 u
885 2388 989 2430 olio

535 2461 598 2503 Ne
629 2461 742 2502 inter
772 2461 941 2502 tunicas
973 2459 1148 2501 habeas.

763 2555 1040 2597 Strobilus

1160 2626 1354 2679 Tempta,
1390 2638 1476 2678 qua
1507 2624 1642 2666 lubet.

240 2785 304 2819 631
333 2795 421 2829 ergo
517 2785 583 2818 633
610 2783 763 2817 ostende
856 2783 923 2817 638
972 2783 1039 2818 toti
1055 2781 1263 2825 proefiyz'tur
1287 2777 1427 2813 EUCL.
