<?xml version="1.0" encoding="UTF-8"?>
<!DOCTYPE html PUBLIC "-//W3C//DTD XHTML 1.0 Transitional//EN"
    "http://www.w3.org/TR/xhtml1/DTD/xhtml1-transitional.dtd">
<html xmlns="http://www.w3.org/1999/xhtml" xml:lang="en" lang="en">
 <head>
  <title>
</title>
<meta http-equiv="Content-Type" content="text/html;charset=utf-8" />
  <meta name='ocr-system' content='tesseract 3.04.00' />
  <meta name='ocr-capabilities' content='ocr_page ocr_carea ocr_par ocr_line ocrx_word'/>
</head>
<body>
  <div class='ocr_page' id='page_1' title='image "./comoediaerecensu02plauuoft_0425.png"; bbox 0 0 1897 3171; ppageno 0'>
   <div class='ocr_carea' id='block_1_1' title="bbox 772 189 1645 233">
    <p class='ocr_par' dir='ltr' id='par_1_1' title="bbox 772 189 1645 233">
     <span class='ocr_line' id='line_1_1' title="bbox 772 189 1645 233; baseline -0.002 -9"><span class='ocrx_word' id='word_1_1' title='bbox 772 189 813 224; x_wconf 85' lang='lat' dir='ltr'>V.</span> <span class='ocrx_word' id='word_1_2' title='bbox 840 191 1028 224; x_wconf 75' lang='lat'>397—429.</span> <span class='ocrx_word' id='word_1_3' title='bbox 1565 194 1645 233; x_wconf 82' lang='lat'>405</span> 
     </span>
    </p>
   </div>
   <div class='ocr_carea' id='block_1_2' title="bbox 154 315 1710 1323">
    <p class='ocr_par' dir='ltr' id='par_1_2' title="bbox 155 315 1710 708">
     <span class='ocr_line' id='line_1_2' title="bbox 157 315 1645 365; baseline 0.001 -9"><span class='ocrx_word' id='word_1_4' title='bbox 157 319 264 357; x_wconf 88' lang='lat' dir='ltr'>Trin.</span> <span class='ocrx_word' id='word_1_5' title='bbox 285 319 378 356; x_wconf 84' lang='lat'>832.</span> <span class='ocrx_word' id='word_1_6' title='bbox 400 319 519 357; x_wconf 85' lang='grc'>1127.</span> <span class='ocrx_word' id='word_1_7' title='bbox 553 318 638 356; x_wconf 88' lang='lat' dir='ltr'><strong>Ter.</strong></span> <span class='ocrx_word' id='word_1_8' title='bbox 657 318 814 358; x_wconf 88' lang='lat' dir='ltr'>Phorm.</span> <span class='ocrx_word' id='word_1_9' title='bbox 837 320 928 357; x_wconf 84' lang='grc'>188.</span> <span class='ocrx_word' id='word_1_10' title='bbox 960 319 1054 356; x_wconf 85' lang='lat' dir='ltr'>Hec.</span> <span class='ocrx_word' id='word_1_11' title='bbox 1075 319 1167 356; x_wconf 88' lang='grc'>601.</span> <span class='ocrx_word' id='word_1_12' title='bbox 1195 339 1251 344; x_wconf 91' lang='grc'>-</span> <span class='ocrx_word' id='word_1_13' title='bbox 1276 315 1463 358; x_wconf 73' lang='lat' dir='ltr'>haberem</span> <span class='ocrx_word' id='word_1_14' title='bbox 1480 320 1645 365; x_wconf 73' lang='lat' dir='ltr'>rectum,</span> 
     </span>
     <span class='ocr_line' id='line_1_3' title="bbox 157 384 1648 436; baseline 0.001 -12"><span class='ocrx_word' id='word_1_15' title='bbox 157 388 357 433; x_wconf 87' lang='lat' dir='ltr'>rexissem,</span> <span class='ocrx_word' id='word_1_16' title='bbox 392 386 438 424; x_wconf 86' lang='lat' dir='ltr'>cf.</span> <span class='ocrx_word' id='word_1_17' title='bbox 466 386 576 436; x_wconf 85' lang='lat' dir='ltr'>Capt.</span> <span class='ocrx_word' id='word_1_18' title='bbox 606 388 697 425; x_wconf 82' lang='lat'>367.</span> <span class='ocrx_word' id='word_1_19' title='bbox 729 408 785 412; x_wconf 97' lang='lat'><strong>—</strong></span> <span class='ocrx_word' id='word_1_20' title='bbox 816 389 909 425; x_wconf 93' lang='lat'>412.</span> <span class='ocrx_word' id='word_1_21' title='bbox 945 384 1028 434; x_wconf 66' lang='lat' dir='ltr'>ciet,</span> <span class='ocrx_word' id='word_1_22' title='bbox 1064 391 1230 434; x_wconf 78' lang='lat' dir='ltr'>accusat,</span> <span class='ocrx_word' id='word_1_23' title='bbox 1264 387 1311 425; x_wconf 88' lang='lat' dir='ltr'>cf.</span> <span class='ocrx_word' id='word_1_24' title='bbox 1342 389 1451 426; x_wconf 84' lang='lat' dir='ltr'>Asin.</span> <span class='ocrx_word' id='word_1_25' title='bbox 1479 389 1648 426; x_wconf 85' lang='lat'>472.—</span> 
     </span>
     <span class='ocr_line' id='line_1_4' title="bbox 157 450 1644 504; baseline 0.001 -11"><span class='ocrx_word' id='word_1_26' title='bbox 157 456 250 493; x_wconf 86' lang='lat'>413.</span> <span class='ocrx_word' id='word_1_27' title='bbox 285 455 347 493; x_wconf 66' lang='grc' dir='ltr'>θεέ</span> <span class='ocrx_word' id='word_1_28' title='bbox 376 450 514 493; x_wconf 75' lang='lat' dir='ltr'>lubido</span> <span class='ocrx_word' id='word_1_29' title='bbox 547 451 723 504; x_wconf 70' lang='lat' dir='ltr'>obsequi,</span> <span class='ocrx_word' id='word_1_30' title='bbox 755 455 865 492; x_wconf 73' lang='lat' dir='ltr'>lubet</span> <span class='ocrx_word' id='word_1_31' title='bbox 890 455 1064 504; x_wconf 87' lang='lat' dir='ltr'>obsequi,</span> <span class='ocrx_word' id='word_1_32' title='bbox 1099 455 1146 492; x_wconf 89' lang='lat' dir='ltr'>cf.</span> <span class='ocrx_word' id='word_1_33' title='bbox 1170 455 1287 504; x_wconf 84' lang='lat' dir='ltr'>Epid.</span> <span class='ocrx_word' id='word_1_34' title='bbox 1315 457 1407 494; x_wconf 81' lang='lat'>237.</span> <span class='ocrx_word' id='word_1_35' title='bbox 1454 456 1559 494; x_wconf 86' lang='lat' dir='ltr'>Men.</span> <span class='ocrx_word' id='word_1_36' title='bbox 1580 458 1644 495; x_wconf 84' lang='lat'>83.</span> 
     </span>
     <span class='ocr_line' id='line_1_5' title="bbox 155 507 1710 571; baseline 0.001 -11"><span class='ocrx_word' id='word_1_37' title='bbox 155 523 263 561; x_wconf 85' lang='lat' dir='ltr'>Pers.</span> <span class='ocrx_word' id='word_1_38' title='bbox 291 524 382 561; x_wconf 87' lang='lat'>122.</span> <span class='ocrx_word' id='word_1_39' title='bbox 411 524 503 561; x_wconf 87' lang='grc'><strong>805.</strong></span> <span class='ocrx_word' id='word_1_40' title='bbox 550 523 658 560; x_wconf 86' lang='lat' dir='ltr'>Trin.</span> <span class='ocrx_word' id='word_1_41' title='bbox 687 525 780 561; x_wconf 89' lang='lat'>626.</span> <span class='ocrx_word' id='word_1_42' title='bbox 807 524 900 561; x_wconf 86' lang='lat'>865.</span> <span class='ocrx_word' id='word_1_43' title='bbox 945 523 1040 560; x_wconf 87' lang='lat' dir='ltr'>Post</span> <span class='ocrx_word' id='word_1_44' title='bbox 1066 518 1207 560; x_wconf 68' lang='lat' dir='ltr'>lubido</span> <span class='ocrx_word' id='word_1_45' title='bbox 1238 523 1369 560; x_wconf 88' lang='lat' dir='ltr'>hiatus</span> <span class='ocrx_word' id='word_1_46' title='bbox 1399 525 1438 561; x_wconf 89' lang='lat' dir='ltr'>in</span> <span class='ocrx_word' id='word_1_47' title='bbox 1470 524 1645 571; x_wconf 81' lang='lat' dir='ltr'>diaeresi3</span> <span class='ocrx_word' id='word_1_48' title='bbox 1705 507 1710 513; x_wconf 86' lang='lat'>.</span> 
     </span>
     <span class='ocr_line' id='line_1_6' title="bbox 155 588 1644 642; baseline 0.001 -13"><span class='ocrx_word' id='word_1_49' title='bbox 155 592 336 630; x_wconf 58' lang='lat' dir='ltr'>Mallem</span> <span class='ocrx_word' id='word_1_50' title='bbox 388 592 561 639; x_wconf 88' lang='lat' dir='ltr'>„homini</span> <span class='ocrx_word' id='word_1_51' title='bbox 602 591 796 638; x_wconf 77' lang='lat' dir='ltr'>lubidost,</span> <span class='ocrx_word' id='word_1_52' title='bbox 838 589 988 640; x_wconf 84' lang='lat' dir='ltr'>Lyde“.</span> <span class='ocrx_word' id='word_1_53' title='bbox 1035 611 1090 616; x_wconf 87' lang='lat'>—-</span> <span class='ocrx_word' id='word_1_54' title='bbox 1136 591 1230 628; x_wconf 85' lang='lat'>414.</span> <span class='ocrx_word' id='word_1_55' title='bbox 1282 588 1471 638; x_wconf 71' lang='lat' dir='ltr'>„Morem</span> <span class='ocrx_word' id='word_1_56' title='bbox 1510 603 1644 642; x_wconf 61' lang='lat' dir='ltr'>(seras,</span> 
     </span>
     <span class='ocr_line' id='line_1_7' title="bbox 159 658 1055 708; baseline -0.001 -10"><span class='ocrx_word' id='word_1_57' title='bbox 159 660 399 698; x_wconf 84' lang='lat' dir='ltr'>obsecundes</span> <span class='ocrx_word' id='word_1_58' title='bbox 431 662 470 696; x_wconf 89' lang='lat' dir='ltr'>et</span> <span class='ocrx_word' id='word_1_59' title='bbox 499 659 705 708; x_wconf 80' lang='lat' dir='ltr'>indulgeas</span> <span class='ocrx_word' id='word_1_60' title='bbox 736 658 975 697; x_wconf 80' lang='lat' dir='ltr'>Pistoclero“</span> <span class='ocrx_word' id='word_1_61' title='bbox 1011 659 1055 697; x_wconf 87' lang='lat' dir='ltr'>L.</span> 
     </span>
    </p>

    <p class='ocr_par' dir='ltr' id='par_1_3' title="bbox 154 727 1648 1323">
     <span class='ocr_line' id='line_1_8' title="bbox 275 727 1648 778; baseline 0 -13"><span class='ocrx_word' id='word_1_62' title='bbox 275 730 354 767; x_wconf 81' lang='lat'>418</span> <span class='ocrx_word' id='word_1_63' title='bbox 388 742 472 778; x_wconf 89' lang='lat' dir='ltr'>sqq.</span> <span class='ocrx_word' id='word_1_64' title='bbox 521 727 634 773; x_wconf 82' lang='lat' dir='ltr'>Quod</span> <span class='ocrx_word' id='word_1_65' title='bbox 673 732 762 777; x_wconf 86' lang='lat' dir='ltr'>post</span> <span class='ocrx_word' id='word_1_66' title='bbox 795 727 973 777; x_wconf 88' lang='lat' dir='ltr'>Lipsium</span> <span class='ocrx_word' id='word_1_67' title='bbox 1012 728 1079 764; x_wconf 81' lang='lat' dir='ltr'>alii</span> <span class='ocrx_word' id='word_1_68' title='bbox 1117 727 1378 777; x_wconf 82' lang='lat' dir='ltr'>repetierunt,</span> <span class='ocrx_word' id='word_1_69' title='bbox 1425 731 1554 777; x_wconf 75' lang='lat' dir='ltr'>poetae</span> <span class='ocrx_word' id='word_1_70' title='bbox 1584 728 1648 766; x_wconf 81' lang='lat' dir='ltr'>hio</span> 
     </span>
     <span class='ocr_line' id='line_1_9' title="bbox 156 795 1647 845; baseline -0.001 -11"><span class='ocrx_word' id='word_1_71' title='bbox 156 797 401 835; x_wconf 81' lang='lat' dir='ltr'>obversatam</span> <span class='ocrx_word' id='word_1_72' title='bbox 427 809 510 834; x_wconf 86' lang='lat' dir='ltr'>esse</span> <span class='ocrx_word' id='word_1_73' title='bbox 534 797 749 834; x_wconf 84' lang='lat' dir='ltr'>orationem</span> <span class='ocrx_word' id='word_1_74' title='bbox 776 797 837 832; x_wconf 71' lang='grc' dir='ltr'>τοῦ</span> <span class='ocrx_word' id='word_1_75' title='bbox 853 796 990 832; x_wconf 79' lang='grc' dir='ltr'><em>δικαίου</em></span> <span class='ocrx_word' id='word_1_76' title='bbox 1013 797 1123 845; x_wconf 75' lang='grc' dir='ltr'><strong><em>λόγου</em></strong></span> <span class='ocrx_word' id='word_1_77' title='bbox 1149 795 1253 845; x_wconf 87' lang='lat' dir='ltr'>apud</span> <span class='ocrx_word' id='word_1_78' title='bbox 1278 796 1582 844; x_wconf 76' lang='lat' dir='ltr'><strong>Aristophanem</strong></span> <span class='ocrx_word' id='word_1_79' title='bbox 1606 797 1647 833; x_wconf 90' lang='lat' dir='ltr'>in</span> 
     </span>
     <span class='ocr_line' id='line_1_10' title="bbox 154 864 1646 914; baseline -0.002 -11"><span class='ocrx_word' id='word_1_80' title='bbox 154 865 256 904; x_wconf 89' lang='lat' dir='ltr'>Nub.</span> <span class='ocrx_word' id='word_1_81' title='bbox 276 867 353 904; x_wconf 85' lang='lat'>961</span> <span class='ocrx_word' id='word_1_82' title='bbox 383 878 482 914; x_wconf 88' lang='lat' dir='ltr'>sqq.,</span> <span class='ocrx_word' id='word_1_83' title='bbox 516 864 675 902; x_wconf 83' lang='lat' dir='ltr'>concedi</span> <span class='ocrx_word' id='word_1_84' title='bbox 701 877 779 901; x_wconf 92' lang='lat' dir='ltr'>non</span> <span class='ocrx_word' id='word_1_85' title='bbox 804 867 953 914; x_wconf 79' lang='lat' dir='ltr'>potest3</span> <span class='ocrx_word' id='word_1_86' title='bbox 986 877 1056 901; x_wconf 89' lang='lat' dir='ltr'>nec</span> <span class='ocrx_word' id='word_1_87' title='bbox 1072 868 1201 901; x_wconf 83' lang='lat' dir='ltr'>tamen</span> <span class='ocrx_word' id='word_1_88' title='bbox 1227 865 1470 913; x_wconf 81' lang='lat' dir='ltr'>comparatio</span> <span class='ocrx_word' id='word_1_89' title='bbox 1495 864 1646 901; x_wconf 87' lang='lat' dir='ltr'>inutilis</span> 
     </span>
     <span class='ocr_line' id='line_1_11' title="bbox 156 932 1645 982; baseline -0.002 -11"><span class='ocrx_word' id='word_1_90' title='bbox 156 935 244 981; x_wconf 84' lang='lat' dir='ltr'>erit,</span> <span class='ocrx_word' id='word_1_91' title='bbox 284 947 328 971; x_wconf 86' lang='lat' dir='ltr'>ac</span> <span class='ocrx_word' id='word_1_92' title='bbox 358 932 567 970; x_wconf 84' lang='lat' dir='ltr'>Menandri</span> <span class='ocrx_word' id='word_1_93' title='bbox 609 933 764 982; x_wconf 89' lang='lat' dir='ltr'>quidem</span> <span class='ocrx_word' id='word_1_94' title='bbox 805 936 898 970; x_wconf 85' lang='lat' dir='ltr'>aetas</span> <span class='ocrx_word' id='word_1_95' title='bbox 936 933 1041 969; x_wconf 84' lang='lat' dir='ltr'>haud</span> <span class='ocrx_word' id='word_1_96' title='bbox 1079 933 1198 982; x_wconf 90' lang='lat' dir='ltr'>paulo</span> <span class='ocrx_word' id='word_1_97' title='bbox 1237 933 1379 969; x_wconf 86' lang='lat' dir='ltr'>cultior</span> <span class='ocrx_word' id='word_1_98' title='bbox 1410 945 1526 982; x_wconf 86' lang='lat' dir='ltr'>quam</span> <span class='ocrx_word' id='word_1_99' title='bbox 1558 933 1645 969; x_wconf 89' lang='lat' dir='ltr'>Ari-</span> 
     </span>
     <span class='ocr_line' id='line_1_12' title="bbox 155 998 1646 1052; baseline -0.002 -13"><span class='ocrx_word' id='word_1_100' title='bbox 155 1002 360 1051; x_wconf 84' lang='lat' dir='ltr'>stophanis</span> <span class='ocrx_word' id='word_1_101' title='bbox 392 1001 614 1052; x_wconf 75' lang='lat' dir='ltr'>apparebit.</span> <span class='ocrx_word' id='word_1_102' title='bbox 646 1021 701 1026; x_wconf 88' lang='grc'>-</span> <span class='ocrx_word' id='word_1_103' title='bbox 740 1002 833 1038; x_wconf 83' lang='grc'>419.</span> <span class='ocrx_word' id='word_1_104' title='bbox 885 998 1044 1049; x_wconf 74' lang='grc' dir='ltr'>,,Νοἓο“</span> <span class='ocrx_word' id='word_1_105' title='bbox 1078 1001 1208 1050; x_wconf 87' lang='lat' dir='ltr'>inquit</span> <span class='ocrx_word' id='word_1_106' title='bbox 1245 1000 1355 1047; x_wconf 85' lang='lat' dir='ltr'>„tibi,</span> <span class='ocrx_word' id='word_1_107' title='bbox 1388 1000 1477 1037; x_wconf 89' lang='lat' dir='ltr'>dum</span> <span class='ocrx_word' id='word_1_108' title='bbox 1511 1001 1646 1037; x_wconf 85' lang='lat' dir='ltr'>vicesi-</span> 
     </span>
     <span class='ocr_line' id='line_1_13' title="bbox 155 1068 1647 1120; baseline -0.001 -13"><span class='ocrx_word' id='word_1_109' title='bbox 155 1084 260 1108; x_wconf 89' lang='lat' dir='ltr'>mum</span> <span class='ocrx_word' id='word_1_110' title='bbox 293 1084 436 1107; x_wconf 87' lang='lat' dir='ltr'>annum</span> <span class='ocrx_word' id='word_1_111' title='bbox 467 1070 664 1120; x_wconf 80' lang='lat' dir='ltr'>expleres,</span> <span class='ocrx_word' id='word_1_112' title='bbox 705 1069 860 1106; x_wconf 79' lang='lat' dir='ltr'>licuisse</span> <span class='ocrx_word' id='word_1_113' title='bbox 891 1072 949 1106; x_wconf 87' lang='lat' dir='ltr'>ita</span> <span class='ocrx_word' id='word_1_114' title='bbox 980 1083 1026 1106; x_wconf 83' lang='lat' dir='ltr'>ex</span> <span class='ocrx_word' id='word_1_115' title='bbox 1066 1069 1212 1106; x_wconf 76' lang='lat' dir='ltr'>aedibus</span> <span class='ocrx_word' id='word_1_116' title='bbox 1251 1068 1401 1119; x_wconf 87' lang='lat' dir='ltr'>egredi,</span> <span class='ocrx_word' id='word_1_117' title='bbox 1448 1072 1493 1105; x_wconf 88' lang='lat' dir='ltr'>ut</span> <span class='ocrx_word' id='word_1_118' title='bbox 1532 1069 1647 1117; x_wconf 87' lang='lat' dir='ltr'>digiti</span> 
     </span>
     <span class='ocr_line' id='line_1_14' title="bbox 154 1134 1645 1189; baseline -0.002 -13"><span class='ocrx_word' id='word_1_119' title='bbox 154 1141 285 1189; x_wconf 87' lang='lat' dir='ltr'>spatio</span> <span class='ocrx_word' id='word_1_120' title='bbox 317 1152 339 1176; x_wconf 88' lang='lat' dir='ltr'>a</span> <span class='ocrx_word' id='word_1_121' title='bbox 362 1138 578 1188; x_wconf 73' lang='lat' dir='ltr'>paedagogo</span> <span class='ocrx_word' id='word_1_122' title='bbox 602 1142 672 1174; x_wconf 88' lang='lat' dir='ltr'>tuo</span> <span class='ocrx_word' id='word_1_123' title='bbox 697 1136 940 1176; x_wconf 84' lang='lat' dir='ltr'>recederes.“</span> <span class='ocrx_word' id='word_1_124' title='bbox 961 1158 1016 1162; x_wconf 89' lang='lat'><strong>—</strong></span> <span class='ocrx_word' id='word_1_125' title='bbox 1034 1138 1126 1175; x_wconf 89' lang='lat'>421.</span> <span class='ocrx_word' id='word_1_126' title='bbox 1159 1134 1269 1175; x_wconf 69' lang='lat' dir='ltr'>Ante</span> <span class='ocrx_word' id='word_1_127' title='bbox 1298 1134 1426 1175; x_wconf 77' lang='lat' dir='ltr'>solem</span> <span class='ocrx_word' id='word_1_128' title='bbox 1457 1134 1645 1174; x_wconf 69' lang='lat' dir='ltr'>exorien-</span> 
     </span>
     <span class='ocr_line' id='line_1_15' title="bbox 156 1205 1647 1254; baseline -0.003 -9"><span class='ocrx_word' id='word_1_129' title='bbox 156 1207 246 1245; x_wconf 70' lang='lat' dir='ltr'>tem.</span> <span class='ocrx_word' id='word_1_130' title='bbox 329 1207 426 1243; x_wconf 89' lang='lat' dir='ltr'>Rem</span> <span class='ocrx_word' id='word_1_131' title='bbox 472 1209 707 1254; x_wconf 80' lang='lat' dir='ltr'>exaggerat,</span> <span class='ocrx_word' id='word_1_132' title='bbox 754 1219 842 1242; x_wconf 85' lang='lat' dir='ltr'>nam</span> <span class='ocrx_word' id='word_1_133' title='bbox 889 1205 1024 1242; x_wconf 88' lang='lat' dir='ltr'>Attica</span> <span class='ocrx_word' id='word_1_134' title='bbox 1076 1206 1138 1242; x_wconf 84' lang='lat' dir='ltr'>lex</span> <span class='ocrx_word' id='word_1_135' title='bbox 1186 1207 1266 1248; x_wconf 79' lang='grc' dir='ltr'><em>τοὺς</em></span> <span class='ocrx_word' id='word_1_136' title='bbox 1324 1206 1558 1246; x_wconf 77' lang='grc' dir='ltr'><strong><em>διδασκάλους</em></strong></span> <span class='ocrx_word' id='word_1_137' title='bbox 1603 1205 1647 1240; x_wconf 81' lang='grc' dir='ltr'>τὰ</span> 
     </span>
     <span class='ocr_line' id='line_1_16' title="bbox 154 1273 1644 1323; baseline -0.001 -12"><span class='ocrx_word' id='word_1_138' title='bbox 154 1275 384 1312; x_wconf 80' lang='grc' dir='ltr'><strong><em>διδασκαλεῖα</em></strong></span> <span class='ocrx_word' id='word_1_139' title='bbox 419 1275 477 1311; x_wconf 79' lang='grc' dir='ltr'><strong><em>καὶ</em></strong></span> <span class='ocrx_word' id='word_1_140' title='bbox 506 1275 586 1315; x_wconf 80' lang='grc' dir='ltr'><strong><em>τοὺς</em></strong></span> <span class='ocrx_word' id='word_1_141' title='bbox 618 1274 849 1322; x_wconf 75' lang='grc' dir='ltr'><strong><em>παιδοτρίβας</em></strong></span> <span class='ocrx_word' id='word_1_142' title='bbox 878 1275 939 1316; x_wconf 85' lang='grc' dir='ltr'>τὰς</span> <span class='ocrx_word' id='word_1_143' title='bbox 971 1276 1195 1323; x_wconf 77' lang='grc' dir='ltr'><strong><em>παλαίστρας</em></strong></span> <span class='ocrx_word' id='word_1_144' title='bbox 1227 1274 1381 1323; x_wconf 75' lang='grc' dir='ltr'>ἀνοίγειν</span> <span class='ocrx_word' id='word_1_145' title='bbox 1410 1276 1474 1322; x_wconf 76' lang='grc' dir='ltr'>μὲν</span> <span class='ocrx_word' id='word_1_146' title='bbox 1506 1273 1644 1323; x_wconf 75' lang='grc' dir='ltr'><strong><em>ἀπαγο-</em></strong></span> 
     </span>
    </p>
   </div>
   <div class='ocr_carea' id='block_1_3' title="bbox 154 1342 1643 1393">
    <p class='ocr_par' dir='ltr' id='par_1_4' title="bbox 154 1342 1643 1393">
     <span class='ocr_line' id='line_1_17' title="bbox 154 1342 1643 1393; baseline -0.001 -14"><span class='ocrx_word' id='word_1_147' title='bbox 154 1344 246 1393; x_wconf 77' lang='grc' dir='ltr'><em>ρεύει</em></span> <span class='ocrx_word' id='word_1_148' title='bbox 274 1344 323 1392; x_wconf 79' lang='grc' dir='ltr'>μὴ</span> <span class='ocrx_word' id='word_1_149' title='bbox 355 1345 528 1393; x_wconf 77' lang='grc' dir='ltr'><em>πρότερον</em></span> <span class='ocrx_word' id='word_1_150' title='bbox 560 1343 643 1391; x_wconf 73' lang='grc' dir='ltr'><em>πρὶν</em></span> <span class='ocrx_word' id='word_1_151' title='bbox 676 1344 716 1378; x_wconf 78' lang='grc' dir='ltr'>ἂν</span> <span class='ocrx_word' id='word_1_152' title='bbox 749 1343 767 1378; x_wconf 81' lang='grc' dir='ltr'>ὁ</span> <span class='ocrx_word' id='word_1_153' title='bbox 798 1343 892 1388; x_wconf 70' lang='grc' dir='ltr'><strong><em>ἥλιος</em></strong></span> <span class='ocrx_word' id='word_1_154' title='bbox 924 1343 1064 1390; x_wconf 68' lang='grc' dir='ltr'><strong><em>ἀνίσχῃ,</em></strong></span> <span class='ocrx_word' id='word_1_155' title='bbox 1103 1345 1227 1379; x_wconf 81' lang='grc' dir='ltr'><strong><em>κλείειν</em></strong></span> <span class='ocrx_word' id='word_1_156' title='bbox 1257 1343 1294 1379; x_wconf 79' lang='grc' dir='ltr'>δὲ</span> <span class='ocrx_word' id='word_1_157' title='bbox 1328 1344 1538 1392; x_wconf 77' lang='grc' dir='ltr'><em>προστάττει</em></span> <span class='ocrx_word' id='word_1_158' title='bbox 1570 1342 1643 1390; x_wconf 77' lang='grc' dir='ltr'>πρὸ</span> 
     </span>
    </p>
   </div>
   <div class='ocr_carea' id='block_1_4' title="bbox 152 1411 1646 1596">
    <p class='ocr_par' dir='ltr' id='par_1_5' title="bbox 152 1411 1646 1596">
     <span class='ocr_line' id='line_1_18' title="bbox 152 1411 1646 1460; baseline -0.001 -13"><span class='ocrx_word' id='word_1_159' title='bbox 152 1412 253 1457; x_wconf 64' lang='grc' dir='ltr'><strong><em>ἣλίου</em></strong></span> <span class='ocrx_word' id='word_1_160' title='bbox 284 1411 487 1459; x_wconf 83' lang='grc' dir='ltr'><strong><em>δεδυκότος,</em></strong></span> <span class='ocrx_word' id='word_1_161' title='bbox 529 1411 706 1449; x_wconf 85' lang='lat' dir='ltr'>AEschin.</span> <span class='ocrx_word' id='word_1_162' title='bbox 741 1411 936 1449; x_wconf 85' lang='lat' dir='ltr'>Timarch.</span> <span class='ocrx_word' id='word_1_163' title='bbox 973 1413 1035 1449; x_wconf 92' lang='lat'>10.</span> <span class='ocrx_word' id='word_1_164' title='bbox 1068 1432 1122 1437; x_wconf 85' lang='lat'>—</span> <span class='ocrx_word' id='word_1_165' title='bbox 1160 1411 1368 1449; x_wconf 88' lang='lat' dir='ltr'>Ritschelii</span> <span class='ocrx_word' id='word_1_166' title='bbox 1409 1412 1646 1460; x_wconf 75' lang='lat' dir='ltr'>scripturam</span> 
     </span>
     <span class='ocr_line' id='line_1_19' title="bbox 156 1477 1643 1529; baseline -0.003 -11"><span class='ocrx_word' id='word_1_167' title='bbox 156 1481 257 1528; x_wconf 88' lang='lat' dir='ltr'>„nisi</span> <span class='ocrx_word' id='word_1_168' title='bbox 287 1484 332 1517; x_wconf 92' lang='lat' dir='ltr'>tu</span> <span class='ocrx_word' id='word_1_169' title='bbox 363 1477 628 1517; x_wconf 54' lang='grc' dir='ltr'>01101101110111ἐς</span> <span class='ocrx_word' id='word_1_170' title='bbox 668 1492 752 1516; x_wconf 88' lang='lat' dir='ltr'>cum</span> <span class='ocrx_word' id='word_1_171' title='bbox 778 1478 983 1516; x_wconf 77' lang='lat' dir='ltr'>Corssenio</span> <span class='ocrx_word' id='word_1_172' title='bbox 1010 1478 1187 1529; x_wconf 85' lang='lat' dir='ltr'>(Ausspr.</span> <span class='ocrx_word' id='word_1_173' title='bbox 1213 1480 1262 1527; x_wconf 92' lang='lat' dir='ltr'>II,</span> <span class='ocrx_word' id='word_1_174' title='bbox 1289 1478 1386 1526; x_wconf 89' lang='lat'>467)</span> <span class='ocrx_word' id='word_1_175' title='bbox 1419 1478 1643 1528; x_wconf 81' lang='lat' dir='ltr'>repudiavi3</span> 
     </span>
     <span class='ocr_line' id='line_1_20' title="bbox 153 1544 1646 1596; baseline -0.002 -11"><span class='ocrx_word' id='word_1_176' title='bbox 153 1562 188 1586; x_wconf 85' lang='lat' dir='ltr'>v.</span> <span class='ocrx_word' id='word_1_177' title='bbox 224 1549 304 1585; x_wconf 88' lang='grc'>422</span> <span class='ocrx_word' id='word_1_178' title='bbox 347 1561 432 1585; x_wconf 90' lang='lat' dir='ltr'>eum</span> <span class='ocrx_word' id='word_1_179' title='bbox 473 1551 628 1584; x_wconf 84' lang='lat' dir='ltr'>secutus</span> <span class='ocrx_word' id='word_1_180' title='bbox 668 1544 762 1584; x_wconf 89' lang='lat' dir='ltr'>sum.</span> <span class='ocrx_word' id='word_1_181' title='bbox 802 1567 859 1572; x_wconf 84' lang='lat'>——</span> <span class='ocrx_word' id='word_1_182' title='bbox 897 1548 1104 1586; x_wconf 78' lang='grc'>423-24,</span> <span class='ocrx_word' id='word_1_183' title='bbox 1152 1547 1191 1585; x_wconf 85' lang='lat' dir='ltr'>Si</span> <span class='ocrx_word' id='word_1_184' title='bbox 1232 1549 1291 1585; x_wconf 89' lang='lat' dir='ltr'>cui</span> <span class='ocrx_word' id='word_1_185' title='bbox 1324 1548 1552 1596; x_wconf 71' lang='lat' dir='ltr'>obtigisset,</span> <span class='ocrx_word' id='word_1_186' title='bbox 1600 1549 1646 1582; x_wconf 90' lang='lat' dir='ltr'>ut</span> 
     </span>
    </p>
   </div>
   <div class='ocr_carea' id='block_1_5' title="bbox 145 1615 1646 2824">
    <p class='ocr_par' dir='ltr' id='par_1_6' title="bbox 145 1615 1646 2824">
     <span class='ocr_line' id='line_1_21' title="bbox 152 1615 1645 1665; baseline -0.003 -11"><span class='ocrx_word' id='word_1_187' title='bbox 152 1629 286 1665; x_wconf 85' lang='lat' dir='ltr'>poenas</span> <span class='ocrx_word' id='word_1_188' title='bbox 313 1615 435 1663; x_wconf 82' lang='lat' dir='ltr'>daret,</span> <span class='ocrx_word' id='word_1_189' title='bbox 469 1617 588 1653; x_wconf 85' lang='lat' dir='ltr'>etiam</span> <span class='ocrx_word' id='word_1_190' title='bbox 611 1615 809 1652; x_wconf 82' lang='lat' dir='ltr'>infamiam</span> <span class='ocrx_word' id='word_1_191' title='bbox 844 1617 1051 1653; x_wconf 83' lang='lat' dir='ltr'>accessisse</span> <span class='ocrx_word' id='word_1_192' title='bbox 1077 1616 1175 1654; x_wconf 83' lang='lat' dir='ltr'>dicit</span> <span class='ocrx_word' id='word_1_193' title='bbox 1199 1620 1280 1653; x_wconf 85' lang='lat' dir='ltr'>tam</span> <span class='ocrx_word' id='word_1_194' title='bbox 1306 1615 1500 1665; x_wconf 75' lang='lat' dir='ltr'>discipulo</span> <span class='ocrx_word' id='word_1_195' title='bbox 1528 1627 1645 1664; x_wconf 86' lang='lat' dir='ltr'>quam</span> 
     </span>
     <span class='ocr_line' id='line_1_22' title="bbox 153 1683 1643 1733; baseline -0.002 -11"><span class='ocrx_word' id='word_1_196' title='bbox 153 1686 356 1732; x_wconf 84' lang='lat' dir='ltr'>magistro.</span> <span class='ocrx_word' id='word_1_197' title='bbox 431 1684 695 1721; x_wconf 87' lang='lat' dir='ltr'>Grosslot-ium</span> <span class='ocrx_word' id='word_1_198' title='bbox 741 1687 898 1720; x_wconf 84' lang='lat' dir='ltr'>secutus</span> <span class='ocrx_word' id='word_1_199' title='bbox 937 1684 1086 1721; x_wconf 72' lang='lat' dir='ltr'>Ritsoh.</span> <span class='ocrx_word' id='word_1_200' title='bbox 1128 1685 1199 1722; x_wconf 87' lang='lat' dir='ltr'>hos</span> <span class='ocrx_word' id='word_1_201' title='bbox 1246 1697 1382 1721; x_wconf 82' lang='lat' dir='ltr'>versus</span> <span class='ocrx_word' id='word_1_202' title='bbox 1427 1686 1517 1733; x_wconf 87' lang='lat' dir='ltr'>post</span> <span class='ocrx_word' id='word_1_203' title='bbox 1563 1683 1643 1719; x_wconf 83' lang='grc'>420</span> 
     </span>
     <span class='ocr_line' id='line_1_23' title="bbox 151 1749 1646 1803; baseline -0.003 -12"><span class='ocrx_word' id='word_1_204' title='bbox 151 1753 297 1803; x_wconf 84' lang='lat' dir='ltr'>posuit,</span> <span class='ocrx_word' id='word_1_205' title='bbox 331 1752 399 1789; x_wconf 88' lang='lat' dir='ltr'>sed</span> <span class='ocrx_word' id='word_1_206' title='bbox 429 1756 511 1790; x_wconf 87' lang='lat' dir='ltr'>tum</span> <span class='ocrx_word' id='word_1_207' title='bbox 545 1751 750 1788; x_wconf 82' lang='lat' dir='ltr'>dicendum</span> <span class='ocrx_word' id='word_1_208' title='bbox 783 1755 866 1788; x_wconf 85' lang='lat' dir='ltr'>erat</span> <span class='ocrx_word' id='word_1_209' title='bbox 895 1765 975 1789; x_wconf 90' lang='lat' dir='ltr'>non</span> <span class='ocrx_word' id='word_1_210' title='bbox 1010 1752 1080 1800; x_wconf 84' lang='lat' dir='ltr'>„Id</span> <span class='ocrx_word' id='word_1_211' title='bbox 1112 1754 1172 1790; x_wconf 89' lang='lat' dir='ltr'>cui</span> <span class='ocrx_word' id='word_1_212' title='bbox 1204 1749 1442 1800; x_wconf 74' lang='lat' dir='ltr'>obtigerat“,</span> <span class='ocrx_word' id='word_1_213' title='bbox 1476 1750 1546 1788; x_wconf 87' lang='lat' dir='ltr'>sed</span> <span class='ocrx_word' id='word_1_214' title='bbox 1576 1749 1646 1797; x_wconf 89' lang='lat' dir='ltr'>„Id</span> 
     </span>
     <span class='ocr_line' id='line_1_24' title="bbox 153 1815 1644 1867; baseline -0.001 -9"><span class='ocrx_word' id='word_1_215' title='bbox 153 1821 187 1858; x_wconf 93' lang='lat' dir='ltr'>si</span> <span class='ocrx_word' id='word_1_216' title='bbox 216 1819 422 1867; x_wconf 79' lang='lat' dir='ltr'>fecisses“;</span> <span class='ocrx_word' id='word_1_217' title='bbox 462 1833 544 1858; x_wconf 83' lang='lat' dir='ltr'>voc.</span> <span class='ocrx_word' id='word_1_218' title='bbox 577 1815 648 1857; x_wconf 63' lang='lat' dir='ltr'>Ibi</span> <span class='ocrx_word' id='word_1_219' title='bbox 684 1823 814 1856; x_wconf 85' lang='lat' dir='ltr'>autem</span> <span class='ocrx_word' id='word_1_220' title='bbox 846 1833 881 1857; x_wconf 89' lang='lat' dir='ltr'>v.</span> <span class='ocrx_word' id='word_1_221' title='bbox 915 1820 995 1858; x_wconf 87' lang='lat'>425</span> <span class='ocrx_word' id='word_1_222' title='bbox 1029 1820 1227 1858; x_wconf 87' lang='lat' dir='ltr'>offendere</span> <span class='ocrx_word' id='word_1_223' title='bbox 1258 1834 1336 1858; x_wconf 88' lang='grc'>11011</span> <span class='ocrx_word' id='word_1_224' title='bbox 1368 1819 1504 1866; x_wconf 85' lang='lat' dir='ltr'>debet,</span> <span class='ocrx_word' id='word_1_225' title='bbox 1548 1832 1644 1867; x_wconf 89' lang='lat' dir='ltr'>quo-</span> 
     </span>
     <span class='ocr_line' id='line_1_25' title="bbox 152 1886 1645 1939; baseline -0.002 -13"><span class='ocrx_word' id='word_1_226' title='bbox 152 1889 256 1926; x_wconf 85' lang='lat' dir='ltr'>niam</span> <span class='ocrx_word' id='word_1_227' title='bbox 303 1902 458 1939; x_wconf 85' lang='lat' dir='ltr'>semper</span> <span class='ocrx_word' id='word_1_228' title='bbox 505 1888 551 1925; x_wconf 87' lang='lat' dir='ltr'>de</span> <span class='ocrx_word' id='word_1_229' title='bbox 597 1888 781 1937; x_wconf 83' lang='lat' dir='ltr'>palaestra</span> <span class='ocrx_word' id='word_1_230' title='bbox 827 1901 956 1926; x_wconf 87' lang='lat' dir='ltr'>sermo</span> <span class='ocrx_word' id='word_1_231' title='bbox 1007 1894 1088 1935; x_wconf 86' lang='lat' dir='ltr'>est;</span> <span class='ocrx_word' id='word_1_232' title='bbox 1136 1886 1233 1938; x_wconf 67' lang='lat' dir='ltr'>quoi</span> <span class='ocrx_word' id='word_1_233' title='bbox 1278 1893 1344 1926; x_wconf 89' lang='lat' dir='ltr'>aut</span> <span class='ocrx_word' id='word_1_234' title='bbox 1389 1887 1645 1937; x_wconf 82' lang='lat' dir='ltr'>synaloephen</span> 
     </span>
     <span class='ocr_line' id='line_1_26' title="bbox 154 1955 1646 2006; baseline -0.003 -12"><span class='ocrx_word' id='word_1_235' title='bbox 154 1958 307 2006; x_wconf 85' lang='lat' dir='ltr'>patitur</span> <span class='ocrx_word' id='word_1_236' title='bbox 345 1960 413 1994; x_wconf 88' lang='lat' dir='ltr'>aut</span> <span class='ocrx_word' id='word_1_237' title='bbox 452 1957 684 2006; x_wconf 85' lang='lat' dir='ltr'>corripitur,</span> <span class='ocrx_word' id='word_1_238' title='bbox 735 1956 782 1993; x_wconf 89' lang='lat' dir='ltr'>cf.</span> <span class='ocrx_word' id='word_1_239' title='bbox 823 1956 928 1995; x_wconf 88' lang='lat' dir='ltr'>Trin.</span> <span class='ocrx_word' id='word_1_240' title='bbox 972 1958 1100 1995; x_wconf 87' lang='lat'>1061:</span> <span class='ocrx_word' id='word_1_241' title='bbox 1151 1958 1316 2004; x_wconf 86' lang='lat' dir='ltr'>„Emere</span> <span class='ocrx_word' id='word_1_242' title='bbox 1354 1956 1515 1994; x_wconf 83' lang='lat' dir='ltr'>meliust</span> <span class='ocrx_word' id='word_1_243' title='bbox 1554 1955 1646 2004; x_wconf 87' lang='lat' dir='ltr'>quoi</span> 
     </span>
     <span class='ocr_line' id='line_1_27' title="bbox 153 2022 1644 2075; baseline -0.003 -12"><span class='ocrx_word' id='word_1_244' title='bbox 153 2022 351 2075; x_wconf 88' lang='lat' dir='ltr'>inperes“.</span> <span class='ocrx_word' id='word_1_245' title='bbox 413 2024 523 2071; x_wconf 82' lang='lat' dir='ltr'>Quod</span> <span class='ocrx_word' id='word_1_246' title='bbox 563 2038 681 2074; x_wconf 88' lang='lat' dir='ltr'>quum</span> <span class='ocrx_word' id='word_1_247' title='bbox 721 2024 870 2062; x_wconf 87' lang='lat' dir='ltr'>Ritsch.</span> <span class='ocrx_word' id='word_1_248' title='bbox 905 2026 944 2062; x_wconf 87' lang='lat' dir='ltr'>in</span> <span class='ocrx_word' id='word_1_249' title='bbox 984 2026 1168 2075; x_wconf 85' lang='lat' dir='ltr'>Prolegg.</span> <span class='ocrx_word' id='word_1_250' title='bbox 1206 2040 1245 2075; x_wconf 91' lang='lat' dir='ltr'>p.</span> <span class='ocrx_word' id='word_1_251' title='bbox 1286 2025 1394 2063; x_wconf 87' lang='lat' dir='ltr'>CCV.</span> <span class='ocrx_word' id='word_1_252' title='bbox 1434 2027 1515 2061; x_wconf 88' lang='lat' dir='ltr'>not.</span> <span class='ocrx_word' id='word_1_253' title='bbox 1555 2036 1644 2073; x_wconf 91' lang='lat' dir='ltr'>pro-</span> 
     </span>
     <span class='ocr_line' id='line_1_28' title="bbox 153 2092 1644 2143; baseline -0.002 -12"><span class='ocrx_word' id='word_1_254' title='bbox 153 2093 306 2140; x_wconf 83' lang='lat' dir='ltr'>basset,</span> <span class='ocrx_word' id='word_1_255' title='bbox 353 2094 393 2130; x_wconf 91' lang='lat' dir='ltr'>in</span> <span class='ocrx_word' id='word_1_256' title='bbox 434 2093 607 2131; x_wconf 84' lang='lat' dir='ltr'>editione</span> <span class='ocrx_word' id='word_1_257' title='bbox 647 2094 780 2142; x_wconf 90' lang='lat' dir='ltr'>priore</span> <span class='ocrx_word' id='word_1_258' title='bbox 812 2093 944 2131; x_wconf 82' lang='lat' dir='ltr'>Bothii</span> <span class='ocrx_word' id='word_1_259' title='bbox 986 2095 1247 2131; x_wconf 81' lang='lat' dir='ltr'>coniecturam</span> <span class='ocrx_word' id='word_1_260' title='bbox 1284 2092 1448 2143; x_wconf 83' lang='lat' dir='ltr'>„quom“</span> <span class='ocrx_word' id='word_1_261' title='bbox 1483 2092 1644 2141; x_wconf 86' lang='lat' dir='ltr'>recepit,</span> 
     </span>
     <span class='ocr_line' id='line_1_29' title="bbox 151 2157 1645 2211; baseline -0.002 -12"><span class='ocrx_word' id='word_1_262' title='bbox 151 2162 192 2199; x_wconf 88' lang='lat' dir='ltr'>in</span> <span class='ocrx_word' id='word_1_263' title='bbox 223 2162 348 2199; x_wconf 84' lang='lat' dir='ltr'>altera</span> <span class='ocrx_word' id='word_1_264' title='bbox 379 2161 426 2198; x_wconf 87' lang='lat' dir='ltr'>ad</span> <span class='ocrx_word' id='word_1_265' title='bbox 459 2162 558 2199; x_wconf 85' lang='lat' dir='ltr'>illud</span> <span class='ocrx_word' id='word_1_266' title='bbox 589 2174 769 2198; x_wconf 87' lang='lat' dir='ltr'>reversus</span> <span class='ocrx_word' id='word_1_267' title='bbox 802 2165 872 2199; x_wconf 89' lang='lat' dir='ltr'>est.</span> <span class='ocrx_word' id='word_1_268' title='bbox 906 2181 960 2187; x_wconf 79' lang='lat'><strong>—</strong></span> <span class='ocrx_word' id='word_1_269' title='bbox 999 2163 1092 2200; x_wconf 85' lang='lat'>425.</span> <span class='ocrx_word' id='word_1_270' title='bbox 1134 2162 1294 2199; x_wconf 87' lang='lat' dir='ltr'>Hiatum</span> <span class='ocrx_word' id='word_1_271' title='bbox 1328 2165 1419 2211; x_wconf 90' lang='lat' dir='ltr'>post</span> <span class='ocrx_word' id='word_1_272' title='bbox 1451 2157 1645 2198; x_wconf 69' lang='lat' dir='ltr'>luctando</span> 
     </span>
     <span class='ocr_line' id='line_1_30' title="bbox 153 2228 1643 2279; baseline -0.003 -12"><span class='ocrx_word' id='word_1_273' title='bbox 153 2229 328 2268; x_wconf 85' lang='lat' dir='ltr'>defendit</span> <span class='ocrx_word' id='word_1_274' title='bbox 358 2229 553 2279; x_wconf 56' lang='lat' dir='ltr'>Spengel„</span> <span class='ocrx_word' id='word_1_275' title='bbox 586 2229 715 2266; x_wconf 76' lang='lat' dir='ltr'>Plaut.</span> <span class='ocrx_word' id='word_1_276' title='bbox 749 2243 787 2279; x_wconf 89' lang='lat' dir='ltr'>p.</span> <span class='ocrx_word' id='word_1_277' title='bbox 823 2231 915 2267; x_wconf 88' lang='lat'>221.</span> <span class='ocrx_word' id='word_1_278' title='bbox 977 2231 1109 2268; x_wconf 89' lang='lat' dir='ltr'>Herm.</span> <span class='ocrx_word' id='word_1_279' title='bbox 1136 2231 1181 2268; x_wconf 83' lang='lat' dir='ltr'>R.</span> <span class='ocrx_word' id='word_1_280' title='bbox 1207 2230 1265 2268; x_wconf 87' lang='lat' dir='ltr'>Fl.</span> <span class='ocrx_word' id='word_1_281' title='bbox 1297 2234 1470 2279; x_wconf 88' lang='lat' dir='ltr'>transp.:</span> <span class='ocrx_word' id='word_1_282' title='bbox 1509 2228 1643 2274; x_wconf 85' lang='lat' dir='ltr'>„disco</span> 
     </span>
     <span class='ocr_line' id='line_1_31' title="bbox 152 2295 1644 2346; baseline -0.003 -11"><span class='ocrx_word' id='word_1_283' title='bbox 152 2295 306 2336; x_wconf 85' lang='lat' dir='ltr'>hasta“.</span> <span class='ocrx_word' id='word_1_284' title='bbox 353 2297 511 2343; x_wconf 80' lang='lat' dir='ltr'>Miiller,</span> <span class='ocrx_word' id='word_1_285' title='bbox 543 2310 580 2346; x_wconf 90' lang='lat' dir='ltr'>p.</span> <span class='ocrx_word' id='word_1_286' title='bbox 610 2299 686 2335; x_wconf 87' lang='lat'>601</span> <span class='ocrx_word' id='word_1_287' title='bbox 722 2310 779 2346; x_wconf 90' lang='lat' dir='ltr'>sq.</span> <span class='ocrx_word' id='word_1_288' title='bbox 813 2298 889 2335; x_wconf 86' lang='lat' dir='ltr'>alia</span> <span class='ocrx_word' id='word_1_289' title='bbox 921 2303 1096 2336; x_wconf 84' lang='lat' dir='ltr'>conatur.</span> <span class='ocrx_word' id='word_1_290' title='bbox 1128 2319 1185 2323; x_wconf 89' lang='lat'>-——</span> <span class='ocrx_word' id='word_1_291' title='bbox 1215 2299 1309 2336; x_wconf 85' lang='lat'>427.</span> <span class='ocrx_word' id='word_1_292' title='bbox 1344 2311 1429 2335; x_wconf 89' lang='lat' dir='ltr'>cum</span> <span class='ocrx_word' id='word_1_293' title='bbox 1460 2297 1519 2333; x_wconf 91' lang='lat' dir='ltr'>Fl.</span> <span class='ocrx_word' id='word_1_294' title='bbox 1553 2308 1644 2344; x_wconf 88' lang='lat' dir='ltr'>spu-</span> 
     </span>
     <span class='ocr_line' id='line_1_32' title="bbox 151 2359 1643 2405; baseline -0.003 -1"><span class='ocrx_word' id='word_1_295' title='bbox 151 2369 253 2404; x_wconf 86' lang='lat' dir='ltr'>rium</span> <span class='ocrx_word' id='word_1_296' title='bbox 293 2365 432 2403; x_wconf 84' lang='lat' dir='ltr'>habeo.</span> <span class='ocrx_word' id='word_1_297' title='bbox 501 2362 721 2403; x_wconf 74' lang='lat' dir='ltr'>latebrosis</span> <span class='ocrx_word' id='word_1_298' title='bbox 761 2361 864 2404; x_wconf 71' lang='lat' dir='ltr'>Iocis</span> <span class='ocrx_word' id='word_1_299' title='bbox 904 2379 951 2403; x_wconf 86' lang='lat' dir='ltr'>ex</span> <span class='ocrx_word' id='word_1_300' title='bbox 991 2381 1026 2405; x_wconf 89' lang='lat' dir='ltr'>v.</span> <span class='ocrx_word' id='word_1_301' title='bbox 1072 2369 1135 2405; x_wconf 82' lang='lat'>54.</span> <span class='ocrx_word' id='word_1_302' title='bbox 1177 2388 1232 2391; x_wconf 97' lang='lat'><strong>—</strong></span> <span class='ocrx_word' id='word_1_303' title='bbox 1270 2368 1364 2404; x_wconf 75' lang='lat'>429.</span> <span class='ocrx_word' id='word_1_304' title='bbox 1418 2359 1643 2403; x_wconf 67' lang='lat' dir='ltr'>Cincticulo</span> 
     </span>
     <span class='ocr_line' id='line_1_33' title="bbox 145 2431 1642 2483; baseline -0.004 -11"><span class='ocrx_word' id='word_1_305' title='bbox 145 2431 414 2483; x_wconf 67' lang='lat' dir='ltr'>proeeiowtus,</span> <span class='ocrx_word' id='word_1_306' title='bbox 446 2433 610 2482; x_wconf 85' lang='lat' dir='ltr'>pudoris</span> <span class='ocrx_word' id='word_1_307' title='bbox 642 2446 769 2480; x_wconf 82' lang='lat' dir='ltr'>eausa,</span> <span class='ocrx_word' id='word_1_308' title='bbox 803 2434 849 2471; x_wconf 89' lang='lat' dir='ltr'>cf.</span> <span class='ocrx_word' id='word_1_309' title='bbox 884 2434 1043 2473; x_wconf 83' lang='lat' dir='ltr'>Sueten.</span> <span class='ocrx_word' id='word_1_310' title='bbox 1076 2435 1122 2473; x_wconf 90' lang='lat' dir='ltr'>D.</span> <span class='ocrx_word' id='word_1_311' title='bbox 1156 2435 1227 2472; x_wconf 80' lang='lat' dir='ltr'>Iul.</span> <span class='ocrx_word' id='word_1_312' title='bbox 1262 2435 1335 2471; x_wconf 88' lang='lat'>45:</span> <span class='ocrx_word' id='word_1_313' title='bbox 1372 2445 1507 2479; x_wconf 84' lang='lat' dir='ltr'>„usum</span> <span class='ocrx_word' id='word_1_314' title='bbox 1539 2431 1642 2467; x_wconf 84' lang='lat' dir='ltr'>enim</span> 
     </span>
     <span class='ocr_line' id='line_1_34' title="bbox 150 2500 1643 2552; baseline -0.003 -13"><span class='ocrx_word' id='word_1_315' title='bbox 150 2502 231 2539; x_wconf 85' lang='lat' dir='ltr'>lato</span> <span class='ocrx_word' id='word_1_316' title='bbox 270 2502 379 2539; x_wconf 84' lang='lat' dir='ltr'>clavo</span> <span class='ocrx_word' id='word_1_317' title='bbox 420 2501 469 2539; x_wconf 84' lang='lat' dir='ltr'>ad</span> <span class='ocrx_word' id='word_1_318' title='bbox 506 2514 642 2538; x_wconf 86' lang='lat' dir='ltr'>manus</span> <span class='ocrx_word' id='word_1_319' title='bbox 688 2500 908 2549; x_wconf 77' lang='lat' dir='ltr'>fimbriato,</span> <span class='ocrx_word' id='word_1_320' title='bbox 956 2517 1026 2540; x_wconf 84' lang='lat' dir='ltr'>nec</span> <span class='ocrx_word' id='word_1_321' title='bbox 1065 2507 1109 2540; x_wconf 88' lang='lat' dir='ltr'>ut</span> <span class='ocrx_word' id='word_1_322' title='bbox 1148 2515 1331 2552; x_wconf 82' lang='lat' dir='ltr'>umquam</span> <span class='ocrx_word' id='word_1_323' title='bbox 1370 2501 1487 2538; x_wconf 85' lang='lat' dir='ltr'>aliter</span> <span class='ocrx_word' id='word_1_324' title='bbox 1526 2512 1643 2548; x_wconf 87' lang='lat' dir='ltr'>quam</span> 
     </span>
     <span class='ocr_line' id='line_1_35' title="bbox 151 2568 1642 2620; baseline -0.003 -13"><span class='ocrx_word' id='word_1_325' title='bbox 151 2583 271 2620; x_wconf 90' lang='lat' dir='ltr'>super</span> <span class='ocrx_word' id='word_1_326' title='bbox 302 2583 389 2607; x_wconf 87' lang='lat' dir='ltr'>eum</span> <span class='ocrx_word' id='word_1_327' title='bbox 421 2571 665 2617; x_wconf 85' lang='lat' dir='ltr'>cingeretur,</span> <span class='ocrx_word' id='word_1_328' title='bbox 707 2573 745 2606; x_wconf 86' lang='lat' dir='ltr'>et</span> <span class='ocrx_word' id='word_1_329' title='bbox 777 2571 934 2619; x_wconf 86' lang='lat' dir='ltr'>quidem</span> <span class='ocrx_word' id='word_1_330' title='bbox 964 2571 1131 2609; x_wconf 86' lang='lat' dir='ltr'>fluxiore</span> <span class='ocrx_word' id='word_1_331' title='bbox 1163 2572 1361 2616; x_wconf 65' lang='lat' dir='ltr'>cinctui-213</span> <span class='ocrx_word' id='word_1_332' title='bbox 1406 2568 1510 2605; x_wconf 87' lang='lat' dir='ltr'>unde</span> <span class='ocrx_word' id='word_1_333' title='bbox 1542 2580 1642 2604; x_wconf 84' lang='lat' dir='ltr'>ema-</span> 
     </span>
     <span class='ocr_line' id='line_1_36' title="bbox 150 2637 1642 2689; baseline -0.002 -14"><span class='ocrx_word' id='word_1_334' title='bbox 150 2651 262 2675; x_wconf 86' lang='lat' dir='ltr'>nasse</span> <span class='ocrx_word' id='word_1_335' title='bbox 294 2638 410 2675; x_wconf 86' lang='lat' dir='ltr'>Sullae</span> <span class='ocrx_word' id='word_1_336' title='bbox 442 2638 589 2675; x_wconf 87' lang='lat' dir='ltr'>dictum</span> <span class='ocrx_word' id='word_1_337' title='bbox 621 2638 831 2686; x_wconf 79' lang='lat' dir='ltr'>optimates</span> <span class='ocrx_word' id='word_1_338' title='bbox 863 2641 1005 2689; x_wconf 74' lang='lat' dir='ltr'>saepius</span> <span class='ocrx_word' id='word_1_339' title='bbox 1038 2639 1296 2683; x_wconf 82' lang='lat' dir='ltr'>admonentis,</span> <span class='ocrx_word' id='word_1_340' title='bbox 1337 2640 1382 2674; x_wconf 87' lang='lat' dir='ltr'>ut</span> <span class='ocrx_word' id='word_1_341' title='bbox 1413 2637 1513 2673; x_wconf 87' lang='lat' dir='ltr'>male</span> <span class='ocrx_word' id='word_1_342' title='bbox 1543 2648 1642 2685; x_wconf 88' lang='lat' dir='ltr'>prae-</span> 
     </span>
     <span class='ocr_line' id='line_1_37' title="bbox 151 2703 1643 2755; baseline -0.003 -12"><span class='ocrx_word' id='word_1_343' title='bbox 151 2707 298 2743; x_wconf 88' lang='lat' dir='ltr'>cintum</span> <span class='ocrx_word' id='word_1_344' title='bbox 336 2719 500 2755; x_wconf 90' lang='lat' dir='ltr'>puerum</span> <span class='ocrx_word' id='word_1_345' title='bbox 540 2704 766 2743; x_wconf 41' lang='lat' dir='ltr'>caverent&amp;</span> <span class='ocrx_word' id='word_1_346' title='bbox 836 2708 930 2746; x_wconf 87' lang='lat' dir='ltr'>Hor.</span> <span class='ocrx_word' id='word_1_347' title='bbox 971 2708 1054 2745; x_wconf 85' lang='lat' dir='ltr'>Sat.</span> <span class='ocrx_word' id='word_1_348' title='bbox 1094 2706 1152 2752; x_wconf 92' lang='lat' dir='ltr'>II,</span> <span class='ocrx_word' id='word_1_349' title='bbox 1195 2706 1238 2751; x_wconf 83' lang='lat' dir='ltr'>S,</span> <span class='ocrx_word' id='word_1_350' title='bbox 1288 2706 1359 2742; x_wconf 88' lang='lat'>70:</span> <span class='ocrx_word' id='word_1_351' title='bbox 1414 2703 1643 2753; x_wconf 74' lang='lat' dir='ltr'>„praecincti</span> 
     </span>
     <span class='ocr_line' id='line_1_38' title="bbox 151 2771 1644 2824; baseline -0.001 -14"><span class='ocrx_word' id='word_1_352' title='bbox 151 2777 257 2812; x_wconf 87' lang='lat' dir='ltr'>recte</span> <span class='ocrx_word' id='word_1_353' title='bbox 286 2772 441 2824; x_wconf 79' lang='lat' dir='ltr'>pue1·i“.</span> <span class='ocrx_word' id='word_1_354' title='bbox 473 2794 529 2800; x_wconf 80' lang='lat'>-</span> <span class='ocrx_word' id='word_1_355' title='bbox 558 2771 672 2821; x_wconf 70' lang='lat' dir='ltr'>sella,</span> <span class='ocrx_word' id='word_1_356' title='bbox 707 2774 753 2811; x_wconf 86' lang='lat' dir='ltr'>cf.</span> <span class='ocrx_word' id='word_1_357' title='bbox 787 2775 864 2813; x_wconf 90' lang='lat' dir='ltr'>Cic.</span> <span class='ocrx_word' id='word_1_358' title='bbox 899 2776 948 2812; x_wconf 86' lang='lat' dir='ltr'>ad</span> <span class='ocrx_word' id='word_1_359' title='bbox 978 2775 1088 2812; x_wconf 88' lang='lat' dir='ltr'>Fam.</span> <span class='ocrx_word' id='word_1_360' title='bbox 1120 2773 1188 2811; x_wconf 87' lang='lat' dir='ltr'>IX.</span> <span class='ocrx_word' id='word_1_361' title='bbox 1225 2774 1286 2820; x_wconf 84' lang='lat'>18,</span> <span class='ocrx_word' id='word_1_362' title='bbox 1321 2774 1364 2809; x_wconf 78' lang='lat'>4:</span> <span class='ocrx_word' id='word_1_363' title='bbox 1410 2772 1538 2819; x_wconf 87' lang='lat' dir='ltr'>„Sella</span> <span class='ocrx_word' id='word_1_364' title='bbox 1567 2771 1644 2808; x_wconf 87' lang='lat' dir='ltr'>tibi</span> 
     </span>
    </p>
   </div>
  </div>
 </body>
</html>
