1854 3188
130 206 184 251 II,
198 207 229 251 5,
241 207 354 242 7—23
782 206 983 239 Aulularia.
1571 209 1593 244 2
1600 207 1625 245 5

132 332 154 374 I
186 346 289 375 sane
321 347 417 374 cum
448 331 538 383 illo,
570 331 767 386 Phrygia.
829 331 891 372 Tu
923 334 1080 382 autem,
1112 330 1347 382 meusium,
1558 340 1627 375 325

134 404 232 447 Huc
261 404 376 446 intro
409 403 481 446 abi
513 403 568 445 ad
599 418 688 445 nos.

763 509 993 563 Congrio

749 581 783 623 O
818 581 1004 623 Strobile
1038 579 1231 630 subdole,

133 653 301 695 Hucine
334 653 519 696 detrusti
551 668 616 695 me
649 654 704 695 ad
737 654 883 695 seneni
914 652 1242 706 paroissumum,

134 725 232 777 Ubi,
264 726 298 767 si
330 725 433 779 quid
463 739 654 780 poscam,
686 740 823 780 usque
855 725 910 766 ad
939 725 1080 766 rauim
1111 738 1287 778 poscam
1320 724 1439 777 prius

137 796 274 847 Quam
307 798 540 852 quicquan]
573 798 729 839 detur?

747 906 1019 949 Strobilus

796 978 962 1020 Stultus
996 992 1054 1020 es.
1117 977 1216 1019 Sine
1248 978 1433 1031 gratiast

135 1051 232 1093 Tibi
262 1056 380 1094 recte
410 1051 566 1104 faeere,
599 1052 784 1105 quando7
817 1051 935 1104 quod
965 1050 1115 1101 facias,
1147 1050 1276 1104 perit.
1565 1061 1632 1094 330

767 1168 998 1222 Congrio

139 1239 223 1290 Qui
253 1241 390 1283 uero?

749 1335 1021 1378 Strobilus

454 1408 663 1463 Rogitas?
711 1409 801 1449 Ian]
834 1408 1048 1462 principio
1080 1408 1123 1448 in
1156 1406 1335 1448 aedibus

138 1479 285 1521 Turba
315 1480 414 1522 istic
445 1481 565 1522 nulla
595 1481 676 1523 tibi
708 1482 801 1522 erit.
863 1480 913 1522 Si·
940 1481 1013 1534 qui
1043 1480 1107 1521 uti
1137 1479 1271 1530 uoles,

137 1551 275 1593 Domo
308 1552 386 1594 abs
417 1556 460 1594 te
493 1552 676 1605 adferto,
709 1567 761 1594 ne
797 1567 972 1607 operam
1004 1552 1162 1606 perdas
1193 1565 1384 1605 poscere.

139 1623 221 1664 Hic
253 1628 400 1665 autem
430 1625 548 1679 apud
578 1639 657 1667 nos
690 1638 847 1678 magna
877 1624 1008 1665 turba
1041 1637 1090 1665 ae
1121 1623 1342 1675 familiast,

143 1686 391 1750 Suppellexj
420 1710 584 1748 aurum,
617 1702 777 1747 uestes,
810 1710 918 1737 uasa
950 1700 1174 1749 urgentem
1567 1705 1634 1739 335

140 1767 207 1809 Ibi
239 1768 276 1809 si
305 1769 485 1822 perierit
517 1769 738 1823 quidpiam
771 1770 906 1823 (quod
937 1774 978 1810 te
1010 1769 1098 1809 seio

140 1839 174 1880 F
178 1840 286 1882 acile
320 1840 538 1883 abstinere
570 1855 707 1895 posse2
741 1842 777 1883 si
807 1841 914 1882 nihil
946 1839 1193 1891 fflmiamst),

143 1912 320 1954 Dicant:
355 1913 482 1967 coqui
514 1913 807 1965 abstulerunt3
841 1912 1194 1966 comprehendite,

141 1984 325 2037 Uincite,
356 1985 598 2037 uerberate,
630 1987 674 2027 in
705 1989 884 2040 puteum
916 1985 1100 2026 condite.

141 2056 319 2099 Horunc
348 2057 430 2099 tibi
460 2058 560 2099 istic
590 2057 698 2099 nihil
731 2058 920 2109 eueniet-3
954 2058 1114 2111 quippe
1148 2057 1233 2110 qui,
1570 2065 1637 2098 340

142 2127 230 2170 Ubi
261 2129 366 2182 quid
398 2129 624 2184 subripias⁷
655 2130 763 2171 nihil
795 2134 870 2170 est.
933 2129 1121 2183 Sequere
1154 2128 1235 2169 hae
1266 2141 1346 2168 me.

776 2247 805 2288 C
817 2261 840 2288 ο
853 2262 880 2288 n
891 2262 916 2301 g
926 2248 1006 2288 rio

1401 2316 1578 2370 Sequor.

232 2446 298 2480 325
323 2446 481 2491 phrugia
547 2448 708 2481 eleusum
779 2449 845 2482 327
871 2448 1062 2482 detrusisti
1134 2447 1199 2480 323
1223 2456 1421 2490 poseamus
1448 2454 1528 2488 quae
1555 2443 1638 2477 ada-

144 2504 251 2538 rauin
274 2514 473 2547 poseamus
496 2504 599 2548 prius
689 2505 754 2539 329
780 2505 920 2539 Stultus
947 2508 983 2538 et
1010 2506 1086 2539 sine
1114 2503 1234 2548 gratia
1260 2514 1297 2536 es
1386 2503 1449 2536 331
1476 2502 1514 2535 in
1538 2500 1636 2545 prin-

146 2561 244 2605 cipio
270 2561 308 2595 in
425 2562 491 2596 332
516 2561 612 2596 istuc
732 2562 820 2606 quid
944 2563 1010 2596 334
1037 2564 1156 2595 autem
1184 2571 1248 2594 om
1373 2559 1437 2593 336
1461 2556 1639 2602 pei-inerit

144 2619 212 2652 338
237 2618 374 2662 quoqui
468 2619 531 2652 341
559 2618 743 2663 subripiat
