1897 3171
249 184 327 223 302
511 163 513 165 Ι
889 181 1087 215 Aulularia.

246 311 308 346 cui
334 308 546 360 respondet
571 307 884 359 intercapedo.“)
916 311 1102 359 proximis
1133 309 1289 346 demum
1319 310 1494 348 versibus
1527 311 1574 348 ab
1607 311 1731 348 altero

247 390 370 426 coquo
410 376 648 423 intruditur,
695 377 767 414 hoc
806 377 892 415 loco
939 377 1111 414 nondum
1151 377 1376 415 advocatur.
1414 398 1469 403 —
1520 380 1612 416 277.
1660 378 1731 424 En,

246 445 393 493 inquit,
440 444 703 493 prostibulum
750 458 866 494 quam
910 445 1011 482 belle
1058 449 1096 481 et
1140 445 1282 494 pudice
1321 445 1517 495 loquitur!
1546 466 1602 476 -—
1638 447 1732 483 278.

249 508 373 558 Post,
413 513 491 549 nisi
522 514 582 550 cui
615 513 717 550 forte
748 513 937 563 Lipsiana
968 514 1162 562 scriptura
1192 526 1329 550 versus
1363 515 1442 551 275
1475 514 1623 563 placet,
1657 527 1733 550 non

245 579 377 626 habet,
412 593 488 629 quo
521 581 735 627 referatur,
769 594 888 631 quare
921 594 1007 617 cum
1039 580 1235 630 Wagnero
1267 582 1398 631 recepi
1430 581 1554 618 Brixii
1585 583 1732 619 coniec-

245 651 374 685 turam
409 644 504 695 POZ,
538 649 584 686 cf.
618 648 746 686 Casin.
782 650 873 686 345.
907 649 1002 686 Hor.
1027 648 1101 698 Ep.
1126 648 1155 694 I,
1190 651 1226 696 7,
1260 650 1325 686 92.
1387 649 1464 687 Pro
1494 659 1575 687 ‘non
1608 646 1734 687 uelles

247 715 416 753 Goeller.
458 719 496 753 et
533 710 673 765 ¹WVagn.
712 714 948 763 „neuelles“,
992 715 1039 752 cf.
1075 717 1165 754 154.
1206 737 1262 741 —
1301 718 1394 755 279.
1439 713 1577 766 Atque
1615 730 1733 767 quum

244 785 444 822 interdum
475 797 599 834 prope
631 784 790 822 accedat
828 784 877 821 ad
917 784 1175 821 adversativae
1209 786 1495 823 coniunctionis
1526 786 1604 822 vim
1637 783 1731 831 (vid.

245 852 294 889 ad
325 853 465 902 Amph.
500 854 593 899 948,
626 856 666 890 et
697 853 743 890 cf.
777 852 887 902 Capt.
922 854 1015 890 480.
1069 852 1249 891 Pseudol.
1287 851 1424 900 1026),
1459 856 1593 890 tamen
1624 866 1733 890 num-

246 934 361 970 quam
393 934 552 971 prorsus
583 920 686 958 idem
725 920 786 967 fit,
829 920 865 957 h.
898 921 924 958 1.
957 920 1044 957 edd.
1078 921 1162 957 iure
1201 918 1331 969 Atqui
1369 922 1569 971 scripsisse
1601 921 1732 958 viden-

245 993 325 1026 tur.
372 1009 426 1014 —
472 987 676 1035 dixeram,
718 989 797 1026 vid.
831 988 879 1025 ad
911 988 1052 1038 Amph.
1088 990 1180 1027 379.
1232 1009 1280 1014 —
1327 986 1600 1036 aliouorszcm,
1641 991 1665 1026 i.
1700 1003 1729 1027 e.

244 1058 376 1094 animo
410 1059 449 1094 in
481 1057 598 1094 aliam
629 1057 864 1094 sententiam
897 1070 1097 1103 converso,
1131 1057 1177 1094 cf.
1210 1057 1298 1094 Ter.
1331 1057 1430 1095 Eun.
1465 1059 1536 1095 82:
1574 1070 1735 1103 „uereor

243 1138 291 1162 ne
325 1156 332 1163 .
361 1156 367 1163 .
397 1156 403 1163 .
437 1125 624 1162 aliorsum
664 1128 783 1174 atque
823 1136 894 1172 ego
926 1124 999 1161 feci
1032 1123 1265 1174 acceperit›“.
1326 1125 1492 1175 Propria
1522 1127 1561 1162 vi
1596 1126 1733 1172 ,.alior-

245 1192 353 1230 sum“
398 1193 512 1231 Truc.
554 1195 649 1231 402.
689 1213 743 1217 -—
781 1193 968 1230 Proximo
1014 1206 1127 1230 versu
1166 1193 1282 1230 Both.
1322 1193 1466 1243 aliique
1501 1191 1625 1243 „quo‘'
1662 1206 1733 1243 pro

244 1259 354 1311 quod
391 1260 617 1307 ediderunt3
664 1261 731 1298 sed
762 1261 927 1298 Plautus
960 1264 1158 1298 structura
1188 1263 1314 1299 minus
1347 1262 1535 1299 adstricta
1566 1262 1735 1299 voluisse

242 1330 418 1367 videtur:
470 1343 571 1377 „non
603 1329 710 1366 istud
735 1329 827 1375 dixi,
862 1329 967 1378 quod
990 1333 1033 1366 tu
1064 1328 1308 1367 insimulas“.
1342 1350 1397 1354 -—
1429 1331 1522 1367 282.
1554 1329 1734 1366 Numeris

243 1411 362 1447 quum
394 1397 544 1447 aliquid
575 1397 710 1434 deesse
743 1402 945 1447 appareat,
978 1397 1110 1434 Dousa
1137 1395 1290 1443 „senis“
1318 1398 1440 1443 addit,
1473 1398 1732 1446 Kampmann.

247 1464 399 1512 „hinc“,
441 1479 555 1515 quem
593 1468 748 1502 secutus
787 1478 882 1502 sum.
924 1485 978 1489 —
1020 1466 1097 1502 283
1139 1465 1253 1502 affert
1285 1465 1434 1503 Gellius
1465 1466 1533 1512 ΙΙΙ,
1572 1467 1632 1512 14,
1671 1467 1732 1512 15,

243 1547 317 1583 pro
357 1531 451 1571 hinc
484 1532 594 1581 „hie“
631 1533 816 1570 scribens.
849 1553 904 1558 —-
937 1535 1029 1571 285.
1078 1530 1182 1570 dicis
1214 1533 1324 1572 codd.
1359 1534 1388 1570 B
1422 1534 1475 1579 D,
1523 1532 1681 1580 „ducis“
1717 1533 1735 1570 I

244 1603 462 1651 ceterique,
497 1601 602 1651 quod
635 1601 750 1639 multi
781 1602 1043 1651 praetulerunt
1074 1605 1303 1639 enarrantes
1343 1604 1509 1649 πέμπεις,
1549 1615 1733 1652 pompam

244 1669 374 1716 ducis3
421 1683 510 1706 nam
556 1682 701 1719 pompa
747 1669 793 1706 de
842 1670 975 1719 coquis
1025 1673 1062 1706 et
1112 1670 1314 1707 culinariis
1358 1671 1632 1708 instrumentis
1678 1670 1734 1707 di-

244 1739 364 1784 citur,
398 1741 442 1775 ut
473 1737 599 1775 Casin.
628 1739 726 1775 680:
779 1737 922 1783 „Redit
953 1751 1083 1775 eccum
1113 1738 1272 1775 tandem
1305 1742 1499 1788 opsonatu
1529 1751 1637 1775 meus
1668 1738 1734 1775 ad-

243 1807 368 1852 iutor,
400 1819 586 1856 pompam
618 1805 765 1843 ducit“.
827 1806 890 1843 Sic
921 1810 1073 1852 autem,
1112 1809 1156 1843 ut
1193 1811 1297 1843 recte
1330 1806 1609 1844 animadvertit
1647 1807 1735 1844 Aci-

244 1874 382 1920 dalius‚
415 1875 636 1911 necessario
673 1872 876 1920 „domum“
912 1874 1138 1923 requiritur,
1180 1877 1296 1923 atque
1328 1876 1446 1912 etiam
1478 1888 1563 1913 cum
1596 1874 1735 1911 Bothio

248 1940 369 1988 „huc“
405 1942 665 1979 scribendum.
734 1942 904 1980 Retenta
934 1945 1062 1979 autem
1094 1941 1283 1979 bonorum
1322 1942 1498 1980 codicum
1538 1944 1735 1991 scriptura

245 2006 368 2057 dicis,
416 2009 702 2048 dubitationem
742 2013 892 2056 movet,
925 2009 1031 2059 quod
1070 2006 1165 2047 huic
1194 2013 1313 2059 poeta
1350 2023 1428 2047 non
1469 2009 1629 2058 „uobis⁴‘
1666 2024 1734 2059 op-

242 2079 379 2126 ponit,
414 2077 519 2127 quod
550 2091 686 2115 versus
717 2077 918 2127 prohibet,
952 2077 1018 2114 sed
1051 2074 1172 2124 domi,
1205 2078 1287 2115 scil.
1323 2078 1605 2116 comedendum
1637 2092 1732 2125 esse,

242 2148 288 2183 ut
328 2158 464 2183 versus
504 2146 622 2183 simili
660 2145 900 2195 negligentia
936 2145 1091 2183 laboret
1130 2159 1174 2183 ac
1213 2147 1306 2184 280.
1348 2165 1404 2171 —-
1436 2148 1528 2184 286.
1576 2143 1735 2195 Nempe

243 2214 455 2263 repetitum
496 2215 537 2251 in
577 2226 785 2263 responso,
827 2214 873 2252 cf.
906 2213 1005 2251 Rud.
1042 2214 1133 2251 565.
1169 2215 1261 2252 567.
1292 2234 1348 2239 -
1389 2215 1481 2252 287.
1512 2224 1656 2263 senex,
1698 2229 1733 2252 v.

244 2281 402 2329 Proleg.
420 2295 459 2331 p.
480 2282 572 2319 202.
591 2301 647 2307 —
669 2279 769 2330 filice
792 2279 846 2328 in,
879 2281 1009 2319 hiatus
1032 2282 1233 2329 molestus,
1267 2283 1376 2320 cuius
1406 2295 1529 2332 pauca
1560 2283 1736 2333 exempla

246 2350 387 2399 collegi
435 2349 586 2399 Proleg.
626 2363 665 2400 p.
707 2351 800 2387 219.
878 2348 1073 2388 Camerar.
1120 2350 1242 2398 „filiai
1282 2348 1345 2388 in“
1388 2352 1565 2401 scripsit,
1613 2351 1734 2388 Lach-

246 2431 413 2455 mannus
455 2417 504 2455 ad
543 2417 697 2455 Lucret.
730 2431 768 2467 p.
806 2418 901 2463 161,
950 2431 1068 2467 quum
1107 2418 1212 2455 illam
1249 2420 1423 2468 genetivi
1463 2419 1627 2456 formam
1669 2419 1734 2456 eli-

246 2488 396 2524 sionem
422 2487 506 2536 pati
532 2489 710 2535 negaret:
749 2484 868 2532 „filiai
892 2484 1082 2535 nuptiis“,
1115 2487 1162 2524 cf.
1189 2487 1282 2524 364.
1319 2487 1410 2524 532.
1444 2488 1537 2533 790,
1570 2489 1735 2524 tortasse

244 2558 363 2601 recte,
397 2555 582 2604 quoniam
613 2554 672 2590 his
706 2553 835 2590 tribus
866 2553 964 2592 locis
996 2553 1106 2591 abest
1136 2554 1376 2603 praepositio.

361 2623 453 2660 289.
510 2617 669 2660 szzex
706 2625 871 2671 propter
910 2621 1153 2668 ariditatem,
1203 2635 1280 2672 qua
1317 2635 1460 2672 aquam
1498 2623 1630 2659 statim
1669 2622 1733 2659 ab·

246 2690 390 2737 sorbet,
422 2691 462 2727 in
492 2689 749 2740 proverbium
781 2689 889 2736 abiit,
923 2690 970 2726 cf.
1003 2689 1111 2727 Pers.
1145 2690 1218 2726 42:
1257 2694 1325 2736 „tu
1356 2703 1496 2739 aquam
1528 2703 1550 2727 a
1580 2691 1734 2739 pumice

244 2771 347 2794 nunc
376 2758 566 2807 postulas,
608 2759 675 2807 qui
707 2759 815 2808 ipsus
847 2756 994 2794 sitiat‘³.
1065 2757 1204 2794 Pseud.
1240 2759 1312 2795 75:
1364 2757 1487 2803 „Quin
1518 2756 1614 2794 fies?
1662 2757 1732 2796 PS.
