1897 3171
765 203 806 238 V.
834 205 1022 238 374—397.
1548 212 1601 250 40
1607 211 1630 249 3

147 335 297 381 transp.
331 330 476 369 Camer.
509 352 565 357 —-
604 333 696 370 389.
737 327 965 381 Condiyne,
1004 333 1084 371 vid.
1118 334 1167 370 ad
1198 335 1286 372 Aul.
1320 335 1413 374 457.
1446 355 1501 361 -—
1543 339 1634 376 390.

145 398 375 436 Extremam
412 413 548 437 versus
585 404 762 449 partem:
824 400 925 447 „Sed
967 415 1098 439 eccum
1136 402 1253 439 uideo
1293 403 1498 441 incedere“
1539 405 1636 443 ferri

146 479 224 504 non
252 481 379 517 posse,
412 468 524 504 facile
555 469 815 516 intelligitur,
847 470 1007 518 irrepsit-
1038 483 1085 506 ex
1117 471 1210 508 400.
1272 471 1407 517 Qualis
1437 474 1635 510 sententia

146 535 294 584 scripta
323 535 461 582 fuerit,
508 537 685 574 Muretus
732 537 930 574 intellexit
967 537 1057 574 Var.
1098 537 1204 575 Lect.
1244 538 1358 585 XIII,
1403 541 1473 577 18:
1535 541 1636 587 „Sed

146 615 298 652 aequum
321 603 362 640 id
387 605 422 641 ei
446 603 648 642 redderes
697 605 832 642 Both:
871 618 1048 654 „aequum
1079 605 1193 642 video
1218 605 1259 643 id
1285 607 1490 646 reddere“.
1532 609 1635 646 Neu-

145 676 254 708 trum
283 672 407 721 ipsius
439 673 570 710 Plauti
601 673 722 710 verba
758 674 954 710 invenisse
997 673 1131 720 credo,
1174 687 1244 710 nec
1285 676 1518 713 antecedens
1551 691 1636 714 sen-

148 744 277 780 tentia
309 742 538 781 exclamatio
569 741 664 778 mihi
693 741 861 787 videtur,
894 741 963 778 sed
994 743 1283 789 interrogativa
1309 742 1356 779 ab
1381 745 1636 793 sequentibus

144 810 338 860 pendens,
384 815 429 848 ut
470 810 646 859 suppleri
684 811 839 859 possint
876 822 912 847 v.
946 823 976 846 c.
1022 809 1151 855 „haud
1196 812 1376 858 ingratus
1416 811 1635 862 comperi“.

144 878 314 915 Weisius
346 882 473 916 totum
502 878 629 915 locum
661 891 683 914 a
713 877 841 914 medio
873 891 909 915 V.
944 879 1022 915 390
1061 876 1183 925 („Sed
1215 892 1347 916 eccum
1377 879 1494 917 uideo
1533 881 1635 918 ince-

143 944 281 994 dere“)
313 946 364 984 ad
394 946 494 984 med.
528 947 608 983 400
653 943 803 993 („haud
842 944 1030 990 celabis“)
1069 947 1245 996 spurium
1282 947 1442 995 habuit,
1483 952 1522 985 et
1552 949 1637 986 Rit-

143 1013 324 1061 schelius,
357 1016 424 1064 qui
449 1027 536 1052 eum
561 1027 722 1063 perraro
748 1014 897 1063 aliquid
921 1014 1144 1063 intelligere
1176 1014 1369 1061 censebat,
1402 1016 1474 1053 hac
1503 1021 1636 1054 tamen

142 1083 183 1119 in
213 1096 256 1119 re
288 1084 323 1120 ei
361 1083 536 1120 accessit.
612 1081 688 1119 Sed
725 1082 832 1118 locus
870 1094 1032 1131 prorsus
1062 1082 1272 1119 Plautinus
1314 1087 1393 1130 est,
1441 1098 1511 1121 nec
1550 1084 1635 1122 fieri

142 1151 292 1199 potuit,
334 1153 378 1187 ut
415 1153 536 1200 poeta
578 1152 771 1187 canticum
817 1162 992 1198 operosae
1038 1150 1305 1188 meditationis
1351 1164 1514 1190 exorsus
1552 1157 1634 1190 tam

143 1218 274 1255 subito
306 1218 560 1268 relinqueret.
924 1210 927 1213 ¹

257 1285 350 1324 391.
387 1283 463 1335 pol
493 1283 655 1336 quidem
686 1296 785 1323 meo.
820 1286 934 1324 Both.
966 1286 1011 1323 R.
1045 1286 1124 1324 FL:
1177 1288 1267 1337 „pol
1306 1301 1392 1325 meo
1433 1287 1632 1338 quidem“.

142 1353 217 1392 Sed
249 1355 440 1392 orationis
472 1367 589 1392 causa
621 1355 736 1391 etiam
767 1354 834 1391 ille
865 1354 1076 1392 verborum
1118 1356 1214 1393 ordo
1254 1356 1348 1393 ferri
1379 1369 1496 1406 posse
1526 1358 1633 1394 vide-

141 1426 218 1470 tur,
254 1424 300 1461 cf.
326 1423 430 1460 infra
457 1424 551 1460 734.
596 1422 716 1460 Most.
744 1423 845 1460 996:
884 1427 949 1469 „at
981 1423 1137 1472 quidem
1161 1422 1244 1461 tu⁴‘.
1293 1424 1387 1461 Cist.
1416 1426 1487 1462 88:
1525 1425 1634 1473 „Nisi

141 1490 300 1540 quidem
332 1504 417 1528 cum
448 1491 739 1542 Alcesimarcho
770 1489 966 1529 nemine²².
1027 1491 1148 1529 Mero.
1184 1493 1282 1529 799:
1334 1506 1444 1538 „cum
1477 1493 1634 1543 quidem

140 1557 309 1596 salute“.
336 1579 384 1584 —
418 1559 513 1596 Post
540 1557 700 1609 ingyrato
724 1559 855 1596 hiatus
879 1561 920 1596 in
947 1559 1119 1605 diaeresi3
1152 1560 1309 1598 Miiller.
1335 1559 1421 1608 „st“
1450 1561 1632 1599 addebat.

138 1646 195 1651 -—
226 1624 440 1675 inpensius
480 1626 578 1663 nihil
620 1630 698 1672 est;
746 1628 884 1676 scripsi
922 1623 1149 1674 infensius,
1196 1629 1221 1666 i.
1256 1642 1286 1666 e.
1321 1629 1542 1675 molestius,
1589 1633 1634 1667 ut

138 1694 229 1732 Tac.
255 1695 356 1733 Ann.
389 1696 407 1732 I
439 1698 538 1732 extr.
577 1694 787 1741 „infensius
819 1693 1064 1741 servitium‘⁴,
1097 1695 1200 1741 XIV,
1238 1697 1286 1733 56
1321 1700 1418 1734 extr.
1455 1697 1634 1745 „infensa

137 1760 362 1800 valetudo“.
418 1762 522 1800 Illud
552 1762 723 1809 Rostius,
757 1762 898 1812 Opusc.
923 1777 961 1813 p.
992 1764 1082 1809 114,
1115 1766 1170 1801 sic
1202 1764 1414 1801 defendere
1446 1769 1630 1802 conatur:

142 1831 367 1878 „ingratum
405 1830 603 1868 hominem
644 1844 727 1868 esse
765 1833 936 1868 maxima
967 1833 1146 1881 impensa
1178 1835 1256 1878 est,
1303 1832 1634 1871 Undankbarkeit

135 1899 188 1935 ist
227 1898 298 1935 der
336 1902 490 1946 grosste
528 1898 764 1946 Aufwand“,
813 1899 919 1949 quod
959 1902 1081 1936 miror
1121 1899 1240 1937 fuisse
1281 1902 1349 1949 qui
1389 1905 1631 1950 repeterent.

137 1984 187 1991 -·
238 1967 330 2004 392.
381 1964 531 2015 amisti,
577 1967 747 2004 inultum
787 1967 954 2014 dimitti,
1001 1981 1036 2004 v.
1071 1966 1120 2003 ad
1160 1968 1227 2005 As.
1262 1969 1354 2006 604.
1394 1989 1450 1994 -—
1495 1967 1633 2007 satius

136 2033 268 2080 codd.;
316 2034 447 2072 Herm.
494 2035 540 2072 R.
578 2034 639 2072 Fl.
691 2034 903 2083 „satiust“,
951 2048 987 2072 v,
1032 2035 1081 2071 ad
1131 2035 1273 2085 Amph.
1317 2037 1409 2074 590.
1449 2057 1505 2062 —
1538 2039 1631 2075 393.

134 2099 446 2150 inpendiosum,
508 2105 534 2141 i.
575 2116 607 2141 e.
647 2103 847 2153 impendia
891 2105 997 2140 iusto
1042 2105 1192 2140 maiora
1237 2104 1467 2152 facientem,
1525 2105 1633 2155 quod

133 2169 245 2216 facit,
286 2172 353 2219 qui
391 2170 580 2208 beneficia
617 2171 726 2209 ultra
763 2172 1026 2208 necessarium
1065 2171 1210 2209 reddit.
1280 2172 1463 2210 Ceterum
1495 2187 1630 2211 nume-

133 2250 268 2275 rorum
311 2251 427 2275 causa
467 2239 599 2276 Herm.
641 2239 687 2278 R.
719 2239 802 2277 FL:
854 2239 1153 2289 „inpendiosum
1192 2239 1398 2290 praestat“.
1437 2261 1494 2265 ——-
1536 2242 1628 2279 394.

133 2300 258 2342 Illud
272 2306 430 2354 scripsi,
459 2307 578 2357 vulgo
594 2307 739 2344 Aldum
764 2311 983 2356 sequuntur
1006 2321 1079 2357 pro
1102 2304 1176 2346 hoc
1198 2308 1434 2346 scribentem
1460 2306 1628 2357 „hunc“.

132 2392 187 2398 -—
220 2371 312 2410 395.
353 2383 541 2423 aequom,
574 2376 636 2412 vel
672 2372 871 2423 „aecum“,
903 2377 957 2412 sic
991 2377 1093 2412 enim
1126 2389 1230 2426 saepe
1262 2377 1465 2423 scribitur,
1507 2377 1629 2414 latere

132 2441 172 2477 in
189 2444 375 2490 corrupta
391 2441 503 2480 codd.
522 2444 721 2493 scriptura
743 2456 812 2490 „ea
829 2442 955 2490 cum“,
980 2444 1179 2481 intellexit
1195 2444 1372 2481 Bothius.
1392 2445 1608 2493 aequomst
1616 2454 1629 2491 ,·

133 2503 359 2558 obuiyilato
391 2522 476 2546 cum
507 2510 723 2548 Ritschelio
754 2511 912 2561 scripsi3
946 2521 1049 2560 opus
1078 2513 1246 2557 retinui;
1280 2512 1324 2549 R.
1362 2510 1546 2561 „opust“.
1571 2531 1627 2538 —

134 2576 226 2613 396.
280 2573 485 2625 specimen
530 2576 708 2627 specitm·
753 2583 846 2627 cet.;
900 2580 1037 2617 eadem
1081 2583 1317 2629 repetuntur
1358 2579 1485 2617 Oasin.
1529 2580 1624 2618 493.

131 2643 249 2682 Most.
285 2645 383 2681 128:
421 2649 528 2692 „tum
561 2648 756 2696 specimen
788 2645 1000 2686 cernitur“.
1032 2667 1088 2673 -—
1122 2649 1215 2684 397.
1254 2646 1299 2683 ut
1328 2656 1415 2684 esse
1446 2648 1624 2696 oporte&

136 2715 203 2758 „ut
226 2715 268 2749 te
296 2709 404 2750 esse“
431 2715 608 2763 postulat
631 2715 738 2752 Brix.
762 2715 863 2753 Ann.
889 2716 986 2764 phil.
1013 2715 1073 2762 CI,
1098 2729 1137 2764 p.
1166 2715 1258 2752 768.
1291 2734 1347 2738 —
1378 2725 1458 2764 qua
1481 2715 1626 2752 delevit

131 2777 392 2818 Camerarius.
441 2780 627 2830 Scaliger.
652 2785 849 2832 praeterea
879 2779 1180 2829 „cuicuimodi“,
1214 2781 1364 2820 Ritsch.
1394 2784 1624 2832 „quoiquoi-

1286 2856 1350 2890 26*
