<?xml version="1.0" encoding="UTF-8"?>
<!DOCTYPE html PUBLIC "-//W3C//DTD XHTML 1.0 Transitional//EN"
    "http://www.w3.org/TR/xhtml1/DTD/xhtml1-transitional.dtd">
<html xmlns="http://www.w3.org/1999/xhtml" xml:lang="en" lang="en">
 <head>
  <title>
</title>
<meta http-equiv="Content-Type" content="text/html;charset=utf-8" />
  <meta name='ocr-system' content='tesseract 3.04.00' />
  <meta name='ocr-capabilities' content='ocr_page ocr_carea ocr_par ocr_line ocrx_word'/>
</head>
<body>
  <div class='ocr_page' id='page_1' title='image "./comoediaerecensu02plauuoft_0247.png"; bbox 0 0 1897 3171; ppageno 0'>
   <div class='ocr_carea' id='block_1_1' title="bbox 136 210 1628 256">
    <p class='ocr_par' dir='ltr' id='par_1_1' title="bbox 136 210 1628 256">
     <span class='ocr_line' id='line_1_1' title="bbox 136 210 1628 256; baseline 0.001 -9"><span class='ocrx_word' id='word_1_1' title='bbox 136 212 164 255; x_wconf 86' lang='grc' dir='ltr'>Ι,</span> <span class='ocrx_word' id='word_1_2' title='bbox 179 213 211 256; x_wconf 86' lang='grc'>3,</span> <span class='ocrx_word' id='word_1_3' title='bbox 227 211 362 247; x_wconf 83' lang='grc'>28-40</span> <span class='ocrx_word' id='word_1_4' title='bbox 796 210 979 245; x_wconf 85' lang='lat' dir='ltr'>Curculio.</span> <span class='ocrx_word' id='word_1_5' title='bbox 1549 215 1628 254; x_wconf 75' lang='lat'>227</span> 
     </span>
    </p>
   </div>
   <div class='ocr_carea' id='block_1_2' title="bbox 137 335 1030 464">
    <p class='ocr_par' dir='ltr' id='par_1_2' title="bbox 137 335 1030 464">
     <span class='ocr_line' id='line_1_2' title="bbox 740 335 1030 378; baseline 0 -1"><span class='ocrx_word' id='word_1_6' title='bbox 740 335 1030 378; x_wconf 79' lang='lat' dir='ltr'>Palinurus</span> 
     </span>
     <span class='ocr_line' id='line_1_3' title="bbox 137 407 605 464; baseline -0.004 -13"><span class='ocrx_word' id='word_1_7' title='bbox 137 409 202 451; x_wconf 88' lang='lat' dir='ltr'>Tu</span> <span class='ocrx_word' id='word_1_8' title='bbox 233 408 406 464; x_wconf 88' lang='lat' dir='ltr'>quidem</span> <span class='ocrx_word' id='word_1_9' title='bbox 436 407 605 462; x_wconf 84' lang='lat' dir='ltr'>uigilas.</span> 
     </span>
    </p>
   </div>
   <div class='ocr_carea' id='block_1_3' title="bbox 600 494 1629 618">
    <p class='ocr_par' dir='ltr' id='par_1_3' title="bbox 600 494 1629 618">
     <span class='ocr_line' id='line_1_4' title="bbox 704 494 1074 536; baseline -0.003 0"><span class='ocrx_word' id='word_1_10' title='bbox 704 494 1074 536; x_wconf 85' lang='lat' dir='ltr'>Phaedromus</span> 
     </span>
     <span class='ocr_line' id='line_1_5' title="bbox 600 565 1629 618; baseline 0.002 -10"><span class='ocrx_word' id='word_1_11' title='bbox 600 567 655 608; x_wconf 89' lang='lat' dir='ltr'>At</span> <span class='ocrx_word' id='word_1_12' title='bbox 686 581 780 609; x_wconf 89' lang='lat' dir='ltr'>meo</span> <span class='ocrx_word' id='word_1_13' title='bbox 812 580 929 608; x_wconf 86' lang='lat' dir='ltr'>more</span> <span class='ocrx_word' id='word_1_14' title='bbox 964 566 1151 618; x_wconf 79' lang='lat' dir='ltr'>dormi03</span> <span class='ocrx_word' id='word_1_15' title='bbox 1182 565 1252 607; x_wconf 86' lang='lat' dir='ltr'>hic</span> <span class='ocrx_word' id='word_1_16' title='bbox 1286 571 1483 610; x_wconf 76' lang='lat' dir='ltr'>somnust</span> <span class='ocrx_word' id='word_1_17' title='bbox 1512 567 1629 610; x_wconf 90' lang='lat' dir='ltr'>mihi.</span> 
     </span>
    </p>
   </div>
   <div class='ocr_carea' id='block_1_4' title="bbox 135 661 1631 787">
    <p class='ocr_par' dir='ltr' id='par_1_4' title="bbox 135 661 1631 787">
     <span class='ocr_line' id='line_1_6' title="bbox 739 661 1031 702; baseline 0 0"><span class='ocrx_word' id='word_1_18' title='bbox 739 661 1031 702; x_wconf 82' lang='lat' dir='ltr'>Palinurus</span> 
     </span>
     <span class='ocr_line' id='line_1_7' title="bbox 135 733 1631 787; baseline -0.001 -9"><span class='ocrx_word' id='word_1_19' title='bbox 135 735 253 778; x_wconf 86' lang='lat' dir='ltr'>Heus</span> <span class='ocrx_word' id='word_1_20' title='bbox 283 739 343 787; x_wconf 67' lang='lat' dir='ltr'>tu,</span> <span class='ocrx_word' id='word_1_21' title='bbox 375 734 548 776; x_wconf 86' lang='lat' dir='ltr'>mulier:</span> <span class='ocrx_word' id='word_1_22' title='bbox 580 734 693 775; x_wconf 83' lang='lat' dir='ltr'>male</span> <span class='ocrx_word' id='word_1_23' title='bbox 724 734 883 775; x_wconf 86' lang='lat' dir='ltr'>mereri</span> <span class='ocrx_word' id='word_1_24' title='bbox 914 733 966 774; x_wconf 89' lang='lat' dir='ltr'>de</span> <span class='ocrx_word' id='word_1_25' title='bbox 997 733 1227 775; x_wconf 86' lang='lat' dir='ltr'>inmerenti</span> <span class='ocrx_word' id='word_1_26' title='bbox 1258 733 1488 775; x_wconf 81' lang='lat' dir='ltr'>inscitiast.</span> <span class='ocrx_word' id='word_1_27' title='bbox 1567 745 1631 779; x_wconf 80' lang='lat'>185</span> 
     </span>
    </p>
   </div>
   <div class='ocr_carea' id='block_1_5' title="bbox 135 828 1199 953">
    <p class='ocr_par' dir='ltr' id='par_1_5' title="bbox 135 828 1199 953">
     <span class='ocr_line' id='line_1_8' title="bbox 728 828 1038 870; baseline 0.003 -1"><span class='ocrx_word' id='word_1_28' title='bbox 728 828 1038 870; x_wconf 82' lang='lat' dir='ltr'>Planesium</span> 
     </span>
     <span class='ocr_line' id='line_1_9' title="bbox 135 900 1199 953; baseline -0.002 -9"><span class='ocrx_word' id='word_1_29' title='bbox 135 902 344 952; x_wconf 53' lang='lat' dir='ltr'>bascara</span> <span class='ocrx_word' id='word_1_30' title='bbox 377 902 413 942; x_wconf 91' lang='lat' dir='ltr'>si</span> <span class='ocrx_word' id='word_1_31' title='bbox 443 905 486 942; x_wconf 88' lang='lat' dir='ltr'>te</span> <span class='ocrx_word' id='word_1_32' title='bbox 519 900 719 941; x_wconf 76' lang='lat' dir='ltr'>edentem</span> <span class='ocrx_word' id='word_1_33' title='bbox 749 901 819 941; x_wconf 88' lang='grc'>1110</span> <span class='ocrx_word' id='word_1_34' title='bbox 853 915 878 942; x_wconf 79' lang='lat' dir='ltr'>a</span> <span class='ocrx_word' id='word_1_35' title='bbox 910 901 1004 942; x_wconf 87' lang='lat' dir='ltr'>cibo</span> <span class='ocrx_word' id='word_1_36' title='bbox 1038 900 1199 953; x_wconf 80' lang='lat' dir='ltr'>abigat.</span> 
     </span>
    </p>
   </div>
   <div class='ocr_carea' id='block_1_6' title="bbox 133 995 1559 1569">
    <p class='ocr_par' dir='ltr' id='par_1_6' title="bbox 737 995 1390 1108">
     <span class='ocr_line' id='line_1_10' title="bbox 737 995 1029 1037; baseline 0.003 -1"><span class='ocrx_word' id='word_1_37' title='bbox 737 995 1029 1037; x_wconf 84' lang='lat' dir='ltr'>Palinurus</span> 
     </span>
     <span class='ocr_line' id='line_1_11' title="bbox 1255 1067 1390 1108; baseline 0 0"><span class='ocrx_word' id='word_1_38' title='bbox 1255 1067 1390 1108; x_wconf 79' lang='lat' dir='ltr'>Ilicet.</span> 
     </span>
    </p>

    <p class='ocr_par' dir='ltr' id='par_1_7' title="bbox 133 1139 1504 1338">
     <span class='ocr_line' id='line_1_12' title="bbox 134 1139 1464 1194; baseline -0.002 -12"><span class='ocrx_word' id='word_1_39' title='bbox 134 1141 304 1183; x_wconf 83' lang='lat' dir='ltr'>Pariter</span> <span class='ocrx_word' id='word_1_40' title='bbox 333 1139 412 1181; x_wconf 86' lang='lat' dir='ltr'>hos</span> <span class='ocrx_word' id='word_1_41' title='bbox 442 1141 584 1194; x_wconf 83' lang='lat' dir='ltr'>perire</span> <span class='ocrx_word' id='word_1_42' title='bbox 617 1139 802 1181; x_wconf 79' lang='lat' dir='ltr'>amando</span> <span class='ocrx_word' id='word_1_43' title='bbox 836 1139 983 1191; x_wconf 86' lang='lat' dir='ltr'>uideo;</span> <span class='ocrx_word' id='word_1_44' title='bbox 1015 1143 1198 1192; x_wconf 80' lang='lat' dir='ltr'>uterque</span> <span class='ocrx_word' id='word_1_45' title='bbox 1230 1139 1464 1180; x_wconf 85' lang='lat' dir='ltr'>insaniunt.</span> 
     </span>
     <span class='ocr_line' id='line_1_13' title="bbox 133 1211 1504 1266; baseline -0.001 -12"><span class='ocrx_word' id='word_1_46' title='bbox 133 1212 287 1264; x_wconf 82' lang='lat' dir='ltr'>Uiden,</span> <span class='ocrx_word' id='word_1_47' title='bbox 320 1216 368 1254; x_wconf 87' lang='lat' dir='ltr'>ut</span> <span class='ocrx_word' id='word_1_48' title='bbox 399 1212 553 1253; x_wconf 80' lang='lat' dir='ltr'>misere</span> <span class='ocrx_word' id='word_1_49' title='bbox 586 1211 850 1253; x_wconf 74' lang='lat' dir='ltr'>moliuntur?</span> <span class='ocrx_word' id='word_1_50' title='bbox 882 1216 1101 1264; x_wconf 85' lang='lat' dir='ltr'>nequeunt</span> <span class='ocrx_word' id='word_1_51' title='bbox 1135 1211 1351 1266; x_wconf 75' lang='lat' dir='ltr'>conplecti</span> <span class='ocrx_word' id='word_1_52' title='bbox 1384 1212 1504 1253; x_wconf 78' lang='lat' dir='ltr'>satis.</span> 
     </span>
     <span class='ocr_line' id='line_1_14' title="bbox 134 1284 633 1338; baseline -0.004 -12"><span class='ocrx_word' id='word_1_53' title='bbox 134 1284 282 1326; x_wconf 84' lang='lat' dir='ltr'>Etiam</span> <span class='ocrx_word' id='word_1_54' title='bbox 312 1284 633 1338; x_wconf 78' lang='lat' dir='ltr'>dispertimini‘?</span> 
     </span>
    </p>

    <p class='ocr_par' dir='ltr' id='par_1_8' title="bbox 734 1370 1045 1412">
     <span class='ocr_line' id='line_1_15' title="bbox 734 1370 1045 1412; baseline 0.003 -1"><span class='ocrx_word' id='word_1_55' title='bbox 734 1370 1045 1412; x_wconf 76' lang='lat' dir='ltr'>Planesium</span> 
     </span>
    </p>

    <p class='ocr_par' dir='ltr' id='par_1_9' title="bbox 694 1442 1559 1496">
     <span class='ocr_line' id='line_1_16' title="bbox 694 1442 1559 1496; baseline -0.001 -12"><span class='ocrx_word' id='word_1_56' title='bbox 694 1443 812 1484; x_wconf 84' lang='lat' dir='ltr'>Nulli</span> <span class='ocrx_word' id='word_1_57' title='bbox 844 1442 1051 1484; x_wconf 76' lang='lat' dir='ltr'>hominist</span> <span class='ocrx_word' id='word_1_58' title='bbox 1084 1451 1344 1496; x_wconf 78' lang='lat' dir='ltr'>perpetuum</span> <span class='ocrx_word' id='word_1_59' title='bbox 1377 1442 1559 1495; x_wconf 82' lang='lat' dir='ltr'>bonum3</span> 
     </span>
    </p>

    <p class='ocr_par' dir='ltr' id='par_1_10' title="bbox 136 1515 1272 1569">
     <span class='ocr_line' id='line_1_17' title="bbox 136 1515 1272 1569; baseline -0.002 -12"><span class='ocrx_word' id='word_1_60' title='bbox 136 1515 228 1557; x_wconf 77' lang='lat' dir='ltr'>Iam</span> <span class='ocrx_word' id='word_1_61' title='bbox 258 1515 359 1557; x_wconf 89' lang='lat' dir='ltr'>huic</span> <span class='ocrx_word' id='word_1_62' title='bbox 393 1515 612 1569; x_wconf 78' lang='lat' dir='ltr'>uoluptati</span> <span class='ocrx_word' id='word_1_63' title='bbox 644 1515 726 1556; x_wconf 87' lang='lat' dir='ltr'>hoc</span> <span class='ocrx_word' id='word_1_64' title='bbox 759 1515 1053 1556; x_wconf 83' lang='lat' dir='ltr'>adiunctumst</span> <span class='ocrx_word' id='word_1_65' title='bbox 1087 1515 1272 1556; x_wconf 79' lang='lat' dir='ltr'>odium.‘</span> 
     </span>
    </p>
   </div>
   <div class='ocr_carea' id='block_1_7' title="bbox 137 1609 1634 2037">
    <p class='ocr_par' dir='ltr' id='par_1_11' title="bbox 137 1609 1634 2037">
     <span class='ocr_line' id='line_1_18' title="bbox 740 1609 1032 1650; baseline 0 0"><span class='ocrx_word' id='word_1_66' title='bbox 740 1609 1032 1650; x_wconf 79' lang='lat' dir='ltr'>Palinurus</span> 
     </span>
     <span class='ocr_line' id='line_1_19' title="bbox 997 1679 1634 1734; baseline 0.008 -13"><span class='ocrx_word' id='word_1_67' title='bbox 997 1679 1110 1730; x_wconf 81' lang='lat' dir='ltr'>Quid</span> <span class='ocrx_word' id='word_1_68' title='bbox 1142 1682 1217 1725; x_wconf 81' lang='lat' dir='ltr'>ais,</span> <span class='ocrx_word' id='word_1_69' title='bbox 1250 1680 1540 1734; x_wconf 75' lang='lat' dir='ltr'>propudium?</span> <span class='ocrx_word' id='word_1_70' title='bbox 1569 1693 1634 1726; x_wconf 87' lang='lat'>190</span> 
     </span>
     <span class='ocr_line' id='line_1_20' title="bbox 139 1752 1425 1804; baseline -0.001 -9"><span class='ocrx_word' id='word_1_71' title='bbox 139 1754 257 1795; x_wconf 88' lang='lat' dir='ltr'>Tune</span> <span class='ocrx_word' id='word_1_72' title='bbox 291 1754 422 1795; x_wconf 82' lang='lat' dir='ltr'>etiam</span> <span class='ocrx_word' id='word_1_73' title='bbox 454 1766 552 1794; x_wconf 89' lang='lat' dir='ltr'>cum</span> <span class='ocrx_word' id='word_1_74' title='bbox 582 1753 801 1794; x_wconf 79' lang='lat' dir='ltr'>noctuinis</span> <span class='ocrx_word' id='word_1_75' title='bbox 834 1752 970 1794; x_wconf 80' lang='lat' dir='ltr'>oculis</span> <span class='ocrx_word' id='word_1_76' title='bbox 1005 1752 1151 1794; x_wconf 85' lang='lat' dir='ltr'>odium</span> <span class='ocrx_word' id='word_1_77' title='bbox 1184 1766 1251 1793; x_wconf 89' lang='lat' dir='ltr'>me</span> <span class='ocrx_word' id='word_1_78' title='bbox 1283 1766 1425 1804; x_wconf 68' lang='lat' dir='ltr'>uocas⁷</span> 
     </span>
     <span class='ocr_line' id='line_1_21' title="bbox 137 1825 787 1888; baseline -0.003 -21"><span class='ocrx_word' id='word_1_79' title='bbox 137 1825 339 1867; x_wconf 81' lang='lat' dir='ltr'>Ebriolae</span> <span class='ocrx_word' id='word_1_80' title='bbox 369 1825 585 1888; x_wconf 80' lang='lat' dir='ltr'>persollae</span> <span class='ocrx_word' id='word_1_81' title='bbox 616 1825 787 1878; x_wconf 72' lang='lat' dir='ltr'>nugae?</span> 
     </span>
     <span class='ocr_line' id='line_1_22' title="bbox 706 1911 1068 1953; baseline -0.003 -1"><span class='ocrx_word' id='word_1_82' title='bbox 706 1911 1068 1953; x_wconf 84' lang='lat' dir='ltr'>Phaedromus</span> 
     </span>
     <span class='ocr_line' id='line_1_23' title="bbox 838 1981 1633 2037; baseline 0 -13"><span class='ocrx_word' id='word_1_83' title='bbox 838 1983 933 2024; x_wconf 89' lang='lat' dir='ltr'>Tun</span> <span class='ocrx_word' id='word_1_84' title='bbox 966 1996 1106 2023; x_wconf 78' lang='lat' dir='ltr'>meam</span> <span class='ocrx_word' id='word_1_85' title='bbox 1137 1981 1351 2023; x_wconf 85' lang='lat' dir='ltr'>Uenerem</span> <span class='ocrx_word' id='word_1_86' title='bbox 1381 1983 1633 2037; x_wconf 82' lang='lat' dir='ltr'>uituperas‘?</span> 
     </span>
    </p>
   </div>
   <div class='ocr_carea' id='block_1_8' title="bbox 140 2082 1480 2209">
    <p class='ocr_par' dir='ltr' id='par_1_12' title="bbox 140 2082 1480 2209">
     <span class='ocr_line' id='line_1_24' title="bbox 739 2082 1050 2124; baseline -0.006 0"><span class='ocrx_word' id='word_1_87' title='bbox 739 2082 1050 2124; x_wconf 73' lang='lat' dir='ltr'>Planesium</span> 
     </span>
     <span class='ocr_line' id='line_1_25' title="bbox 140 2153 1480 2209; baseline -0.002 -13"><span class='ocrx_word' id='word_1_88' title='bbox 140 2154 290 2197; x_wconf 86' lang='lat' dir='ltr'>Talem</span> <span class='ocrx_word' id='word_1_89' title='bbox 319 2154 426 2196; x_wconf 86' lang='lat' dir='ltr'>mihi</span> <span class='ocrx_word' id='word_1_90' title='bbox 458 2154 676 2209; x_wconf 86' lang='lat' dir='ltr'>polluctus</span> <span class='ocrx_word' id='word_1_91' title='bbox 709 2155 844 2208; x_wconf 83' lang='lat' dir='ltr'>uirgis</span> <span class='ocrx_word' id='word_1_92' title='bbox 877 2167 1027 2195; x_wconf 86' lang='lat' dir='ltr'>seruos</span> <span class='ocrx_word' id='word_1_93' title='bbox 1059 2166 1298 2194; x_wconf 86' lang='lat' dir='ltr'>sermonem</span> <span class='ocrx_word' id='word_1_94' title='bbox 1331 2153 1480 2194; x_wconf 79' lang='lat' dir='ltr'>serat?</span> 
     </span>
    </p>
   </div>
   <div class='ocr_carea' id='block_1_9' title="bbox 139 2256 1635 2454">
    <p class='ocr_par' dir='ltr' id='par_1_13' title="bbox 139 2256 1635 2454">
     <span class='ocr_line' id='line_1_26' title="bbox 707 2256 1069 2298; baseline -0.006 0"><span class='ocrx_word' id='word_1_95' title='bbox 707 2256 1069 2298; x_wconf 80' lang='lat' dir='ltr'>Phaedromus</span> 
     </span>
     <span class='ocr_line' id='line_1_27' title="bbox 139 2327 1457 2382; baseline -0.003 -12"><span class='ocrx_word' id='word_1_96' title='bbox 139 2328 196 2371; x_wconf 89' lang='lat' dir='ltr'>At</span> <span class='ocrx_word' id='word_1_97' title='bbox 226 2342 281 2370; x_wconf 90' lang='lat' dir='ltr'>ne</span> <span class='ocrx_word' id='word_1_98' title='bbox 311 2332 360 2370; x_wconf 90' lang='lat' dir='ltr'>tu</span> <span class='ocrx_word' id='word_1_99' title='bbox 390 2327 537 2370; x_wconf 87' lang='lat' dir='ltr'>hercle</span> <span class='ocrx_word' id='word_1_100' title='bbox 569 2343 666 2370; x_wconf 89' lang='lat' dir='ltr'>cum</span> <span class='ocrx_word' id='word_1_101' title='bbox 697 2328 895 2370; x_wconf 84' lang='lat' dir='ltr'>cruciatu</span> <span class='ocrx_word' id='word_1_102' title='bbox 926 2341 1081 2382; x_wconf 82' lang='lat' dir='ltr'>magno</span> <span class='ocrx_word' id='word_1_103' title='bbox 1114 2327 1262 2368; x_wconf 78' lang='lat' dir='ltr'>dixisti</span> <span class='ocrx_word' id='word_1_104' title='bbox 1294 2327 1340 2368; x_wconf 89' lang='lat' dir='ltr'>id</span> <span class='ocrx_word' id='word_1_105' title='bbox 1368 2330 1457 2367; x_wconf 89' lang='lat' dir='ltr'>tuo.</span> 
     </span>
     <span class='ocr_line' id='line_1_28' title="bbox 139 2399 1635 2454; baseline -0.001 -12"><span class='ocrx_word' id='word_1_106' title='bbox 139 2400 220 2442; x_wconf 91' lang='lat' dir='ltr'>Em</span> <span class='ocrx_word' id='word_1_107' title='bbox 249 2399 330 2442; x_wconf 90' lang='lat' dir='ltr'>tibi</span> <span class='ocrx_word' id='word_1_108' title='bbox 361 2400 473 2442; x_wconf 84' lang='lat' dir='ltr'>male</span> <span class='ocrx_word' id='word_1_109' title='bbox 505 2400 632 2442; x_wconf 88' lang='lat' dir='ltr'>dictis</span> <span class='ocrx_word' id='word_1_110' title='bbox 664 2414 742 2454; x_wconf 88' lang='lat' dir='ltr'>pro</span> <span class='ocrx_word' id='word_1_111' title='bbox 773 2400 883 2451; x_wconf 79' lang='lat' dir='ltr'>istis,</span> <span class='ocrx_word' id='word_1_112' title='bbox 916 2400 1042 2441; x_wconf 88' lang='lat' dir='ltr'>dictis</span> <span class='ocrx_word' id='word_1_113' title='bbox 1074 2399 1292 2441; x_wconf 84' lang='lat' dir='ltr'>moderari</span> <span class='ocrx_word' id='word_1_114' title='bbox 1325 2401 1375 2439; x_wconf 90' lang='lat' dir='ltr'>ut</span> <span class='ocrx_word' id='word_1_115' title='bbox 1399 2410 1543 2450; x_wconf 78' lang='lat' dir='ltr'>queas.</span> <span class='ocrx_word' id='word_1_116' title='bbox 1572 2407 1635 2441; x_wconf 87' lang='lat'>195</span> 
     </span>
    </p>
   </div>
   <div class='ocr_carea' id='block_1_10' title="bbox 141 2501 1035 2627">
    <p class='ocr_par' dir='ltr' id='par_1_14' title="bbox 141 2501 1035 2627">
     <span class='ocr_line' id='line_1_29' title="bbox 748 2501 1035 2544; baseline 0.007 -2"><span class='ocrx_word' id='word_1_117' title='bbox 748 2501 1035 2544; x_wconf 81' lang='lat' dir='ltr'>Palinurus</span> 
     </span>
     <span class='ocr_line' id='line_1_30' title="bbox 141 2573 941 2627; baseline -0.001 -11"><span class='ocrx_word' id='word_1_118' title='bbox 141 2573 280 2616; x_wconf 87' lang='lat' dir='ltr'>Tuam</span> <span class='ocrx_word' id='word_1_119' title='bbox 308 2573 450 2627; x_wconf 88' lang='lat' dir='ltr'>fidem,</span> <span class='ocrx_word' id='word_1_120' title='bbox 482 2574 630 2616; x_wconf 86' lang='lat' dir='ltr'>Uenus</span> <span class='ocrx_word' id='word_1_121' title='bbox 660 2573 941 2627; x_wconf 83' lang='lat' dir='ltr'>noctuuigila.</span> 
     </span>
    </p>
   </div>
   <div class='ocr_carea' id='block_1_11' title="bbox 98 2737 1633 2844">
    <p class='ocr_par' dir='ltr' id='par_1_15' title="bbox 98 2737 1633 2844">
     <span class='ocr_line' id='line_1_31' title="bbox 235 2737 1633 2778; baseline -0.004 -2"><span class='ocrx_word' id='word_1_122' title='bbox 235 2742 298 2776; x_wconf 84' lang='lat'>186</span> <span class='ocrx_word' id='word_1_123' title='bbox 321 2741 484 2778; x_wconf 84' lang='lat' dir='ltr'>Irascere</span> <span class='ocrx_word' id='word_1_124' title='bbox 558 2744 622 2777; x_wconf 86' lang='grc'>188</span> <span class='ocrx_word' id='word_1_125' title='bbox 646 2743 758 2778; x_wconf 89' lang='lat' dir='ltr'>Uidin</span> <span class='ocrx_word' id='word_1_126' title='bbox 822 2744 885 2777; x_wconf 85' lang='grc'>189</span> <span class='ocrx_word' id='word_1_127' title='bbox 910 2741 1010 2776; x_wconf 86' lang='lat' dir='ltr'>Nulli</span> <span class='ocrx_word' id='word_1_128' title='bbox 1036 2746 1090 2776; x_wconf 79' lang='lat' dir='ltr'>est</span> <span class='ocrx_word' id='word_1_129' title='bbox 1114 2741 1256 2775; x_wconf 87' lang='lat' dir='ltr'>homini</span> <span class='ocrx_word' id='word_1_130' title='bbox 1330 2741 1393 2773; x_wconf 88' lang='grc'>190</span> <span class='ocrx_word' id='word_1_131' title='bbox 1418 2737 1633 2773; x_wconf 85' lang='lat' dir='ltr'>adiunctum</span> 
     </span>
     <span class='ocr_line' id='line_1_32' title="bbox 98 2795 1380 2844; baseline -0.002 -11"><span class='ocrx_word' id='word_1_132' title='bbox 98 2814 101 2817; x_wconf 91' lang='lat'>·</span> <span class='ocrx_word' id='word_1_133' title='bbox 145 2799 209 2833; x_wconf 84' lang='lat'>192</span> <span class='ocrx_word' id='word_1_134' title='bbox 232 2798 390 2834; x_wconf 84' lang='lat' dir='ltr'>Ebriola</span> <span class='ocrx_word' id='word_1_135' title='bbox 412 2799 558 2842; x_wconf 83' lang='lat' dir='ltr'>persole</span> <span class='ocrx_word' id='word_1_136' title='bbox 633 2800 696 2835; x_wconf 83' lang='lat'>193</span> <span class='ocrx_word' id='word_1_137' title='bbox 722 2799 829 2844; x_wconf 79' lang='lat' dir='ltr'>Quod</span> <span class='ocrx_word' id='word_1_138' title='bbox 853 2799 1004 2843; x_wconf 82' lang='lat' dir='ltr'>quidem</span> <span class='ocrx_word' id='word_1_139' title='bbox 1028 2797 1120 2832; x_wconf 86' lang='lat' dir='ltr'>mihi</span> <span class='ocrx_word' id='word_1_140' title='bbox 1200 2797 1262 2831; x_wconf 82' lang='lat'>195</span> <span class='ocrx_word' id='word_1_141' title='bbox 1286 2795 1380 2830; x_wconf 87' lang='lat' dir='ltr'>Hem</span> 
     </span>
    </p>
   </div>
   <div class='ocr_carea' id='block_1_12' title="bbox 1301 2863 1362 2898">
    <p class='ocr_par' dir='ltr' id='par_1_16' title="bbox 1301 2863 1362 2898">
     <span class='ocr_line' id='line_1_33' title="bbox 1301 2863 1362 2898; baseline 0.016 -1"><span class='ocrx_word' id='word_1_142' title='bbox 1301 2863 1362 2898; x_wconf 88' lang='lat'>15*</span> 
     </span>
    </p>
   </div>
  </div>
 </body>
</html>
