1897 3171
283 213 364 251 468
911 237 913 239 ,
947 208 1103 252 Captiui.

283 337 399 375 verbi
430 334 575 375 (lande'.
642 338 696 374 At
725 338 874 386 inquit,
914 351 992 375 non
1023 338 1165 384 habeo,
1206 350 1282 387 quo
1320 350 1380 373 me
1411 336 1611 374 redimam.
1671 337 1773 375 Num

280 407 350 453 vis,
384 410 430 443 ut
461 403 693 455 aufugiam?
744 403 807 453 „in
834 404 962 454 pedes
992 420 1032 444 se
1064 406 1283 453 conferre“,
1314 418 1351 443 V.
1382 405 1522 443 Bacch.
1557 407 1655 453 3713
1707 408 1772 454 „in

279 477 381 513 viam
422 475 528 524 quod
566 478 605 512 te
646 472 736 512 des“
781 474 859 513 Cic.
891 475 1000 512 Fam.
1032 475 1143 522 XIV,
1190 476 1251 512 12.
1312 473 1369 512 Pl.
1403 473 1488 512 Cas.
1523 475 1623 512 882:
1676 475 1770 522 „hac

280 544 379 581 dabo
410 545 607 593 protinam
641 541 735 591 [me]
769 546 806 580 et
839 541 1027 591 fugia1n“.
1062 564 1113 567 —
1149 544 1240 580 122.
1273 539 1322 581 Si
1353 540 1534 589 dederis,
1576 557 1627 581 sc.
1660 548 1699 580 te
1730 545 1770 581 in

278 612 409 662 pedes.
441 631 499 636 -—
538 609 649 661 quod
679 609 789 658 dem,
828 625 1008 660 magnum
1041 612 1197 648 malum.
1230 631 1285 636 —
1327 612 1403 649 123
1437 624 1492 660 sq.
1539 611 1681 649 Versus
1713 614 1768 649 in-

279 681 491 729 eptissimi3
538 694 625 717 nam
674 681 706 716 si
748 681 830 717 avis
877 680 1091 728 aufugerit,
1139 692 1216 728 quo
1255 679 1369 716 modo
1408 693 1491 716 eam
1530 681 1567 716 in
1611 694 1768 717 caveam

277 747 482 786 includet?
528 748 666 798 Itaque
698 748 832 786 Lamb.
871 762 942 795 „ne
974 745 1097 784 faxis⁴⁶
1132 748 1342 785 scribebat.
1389 747 1463 784 Sed
1488 761 1622 785 versus
1647 751 1768 786 mani-

278 818 378 854 festo
421 818 546 867 spurii
586 822 695 863 sunt,
741 830 812 854 nec
851 817 951 853 enim
983 813 1225 864 pfroedissisii
1262 821 1427 867 propter
1466 820 1636 853 metrum
1673 817 1769 854 ferri

277 889 428 935 potest,
477 888 543 935 qui
576 890 705 923 autem
742 883 981 934 „praedicas‘·
1018 889 1234 935 reponunt,
1285 886 1457 923 orationi
1495 889 1654 932 nocent,
1698 899 1766 923 nec

277 951 343 991 Ita
382 954 426 991 ut
465 951 570 992 (licis
602 954 728 1003 Hegio
759 954 996 1003 respondere
1034 954 1186 1003 potuit3
1228 967 1317 990 nam
1359 953 1463 1003 quod
1494 953 1600 991 Brix.
1642 954 1765 1001 affert,

276 1023 365 1060 Ter.
397 1023 554 1061 Phorm.
589 1024 682 1069 396,
715 1023 829 1070 longe
863 1022 969 1058 aliud
1002 1026 1074 1059 est.
1099 1042 1154 1046 —
1189 1023 1279 1059 127.
1313 1019 1500 1072 quipiam
1530 1035 1576 1059 ex
1600 1022 1630 1058 B
1661 1035 1767 1059 rece—

276 1096 422 1141 perunt
445 1092 503 1128 Fl.
529 1091 595 1129 Br.
622 1091 681 1128 ed.
707 1105 788 1140 pr.;
821 1094 912 1128 cett.
946 1088 1172 1140 quippiam,
1206 1091 1362 1138 rectius,
1396 1091 1442 1128 ef.
1468 1090 1581 1128 Rhet.
1609 1090 1659 1127 ad
1676 1091 1766 1129 Her.

277 1160 339 1207 IV,
376 1162 439 1207 50,
475 1162 544 1198 63:
583 1174 654 1207 „ne
680 1159 776 1208 quid
797 1160 862 1196 isti
887 1159 1046 1196 barbari
1071 1158 1272 1197 turbent“.
1317 1159 1424 1196 Brix.
1458 1159 1626 1197 contulit
1649 1160 1766 1198 Most.

280 1229 406 1266 1016:
443 1228 569 1274 „Num
601 1228 696 1278 quid
728 1229 872 1265 Tranio
903 1225 1134 1265 turbauit‘?⁴'
1199 1228 1338 1266 Bacch.
1374 1229 1492 1266 1088.
1555 1227 1638 1266 Cas.
1673 1230 1765 1266 818.

274 1317 328 1321 —
364 1298 456 1334 128.
487 1293 605 1343 Inde,
637 1310 674 1334 v.
707 1296 861 1344 Proleg.
894 1310 931 1345 p.
966 1297 1058 1334 203.

392 1367 482 1403 129.
515 1362 652 1415 Acme
683 1364 753 1411 est,
786 1378 821 1402 v.
855 1364 903 1401 ad
927 1364 1068 1414 Amph.
1096 1366 1188 1402 903.
1216 1385 1264 1390 -
1303 1367 1393 1403 131.
1428 1361 1648 1403 concilim-v
1678 1378 1766 1415 pro-

274 1434 359 1483 prie
391 1438 451 1471 est
484 1436 731 1483 coniungere,
765 1433 993 1480 adsciscere,
1026 1447 1060 1470 v.
1094 1433 1178 1470 Mil.
1214 1435 1314 1480 8013
1347 1434 1415 1470 sed
1446 1433 1552 1483 apud
1582 1434 1766 1471 Plautum

274 1516 378 1552 saepe
410 1502 563 1539 emendi
594 1504 672 1539 vim
703 1502 833 1548 habet,
866 1507 911 1539 ut
940 1501 1056 1551 Epid.
1091 1503 1190 1540 468:
1238 1501 1531 1549 „Conciliauisti
1562 1501 1765 1551 pulch1¹e“.

276 1572 377 1608 644:
423 1584 619 1618 „sororem
658 1572 698 1608 in
734 1571 959 1608 libertatem
992 1584 1111 1621 opera
1143 1571 1308 1608 concilio
1340 1567 1467 1607 mea“.
1527 1570 1636 1609 Pers.
1673 1572 1764 1608 538.

272 1639 369 1676 Inde
400 1640 654 1677 reconciliare
686 1643 743 1676 est
774 1639 985 1686 redimere,
1018 1652 1053 1677 v.
1089 1640 1162 1686 33,
1199 1640 1289 1677 168.
1325 1640 1416 1677 576.
1452 1658 1501 1664 -
1539 1640 1629 1677 133.
1667 1636 1766 1689 Quis

273 1704 338 1745 his
370 1704 587 1758 loqu-itur?
624 1722 657 1746 v.
691 1708 846 1758 Proleg.
879 1722 918 1758 p.
955 1709 1046 1746 181.
1078 1728 1134 1733 —
1168 1709 1260 1746 134.
1300 1707 1346 1755 et,
1378 1721 1414 1745 v.
1447 1707 1497 1744 ad
1526 1708 1635 1745 Asin.
1671 1709 1763 1746 564.

272 1797 325 1801 —
358 1778 447 1815 135.
486 1772 593 1815 Ossa
623 1776 743 1826 atque
763 1773 906 1825 pelli&
941 1778 987 1814 cf.
1014 1777 1104 1814 Aul.
1133 1778 1224 1814 556.
1284 1773 1410 1814 miser
1441 1786 1465 1814 α
1496 1773 1766 1814 macritudme

274 1846 406 1893 codd.,
448 1845 556 1895 quod
596 1846 755 1882 fuerunt
796 1847 862 1895 qui
894 1845 1070 1883 Livianis
1104 1846 1289 1894 exemplis
1323 1843 1375 1892 (v.
1407 1844 1540 1882 Madv.
1574 1844 1641 1883 Gr.
1672 1845 1762 1882 Lat.

274 1917 374 1962 256,
415 1919 496 1952 not.
534 1912 572 1960 l)
620 1913 898 1961 defenderent,
946 1927 1182 1963 quamquam
1228 1927 1305 1951 non
1349 1926 1512 1963 prorsus
1558 1913 1762 1960 similibus,

274 1985 385 2033 quasi
423 1987 589 2033 propter
627 1982 939 2020 macritudinem.
1009 1982 1207 2020 Camerar.
1255 1983 1420 2029 „misera
1458 1979 1762 2028 macritudine“,

271 2052 376 2101 quod
406 2051 550 2101 probat
581 2050 774 2100 Spengel„
807 2051 907 2088 Phil.
940 2050 1082 2097 XXIV,
1114 2064 1153 2100 p.
1189 2049 1281 2088 350.
1342 2050 1423 2088 Nos
1464 2064 1549 2087 cum
1588 2051 1764 2100 antiquis

269 2120 359 2158 edd.
381 2123 421 2157 et
437 2119 703 2157 Lindemauno
720 2119 891 2156 Nonium
915 2121 1036 2156 secuti
1053 2132 1090 2168 p.
1114 2120 1190 2156 136
1207 2120 1529 2169 praepositionem
1547 2119 1762 2158 omisimus-‘2

270 2189 330 2225 Fl.
363 2188 488 2238 Gepp.
529 2188 593 2225 Er.
638 2189 781 2235 „miser
818 2185 1106 2235 aegritudine“.
1146 2207 1202 2212 —
1246 2189 1337 2225 137.
1389 2187 1457 2234 „Id
1499 2186 1605 2236 quod
1636 2183 1756 2224 foris“

270 2258 399 2306 inquit
428 2259 579 2306 „gusto,
613 2256 905 2305 aliquantillum
929 2257 1046 2293 etiam
1071 2253 1202 2302 beat“,
1235 2258 1261 2293 i.
1288 2270 1318 2293 e.
1338 2258 1421 2293 eius
1446 2255 1617 2293 nondum
1649 2255 1761 2292 amisi

268 2326 525 2375 voluptatem.
572 2323 629 2361 De
653 2323 788 2362 ordine
814 2323 1020 2361 verborum
1046 2324 1091 2361 cf.
1109 2324 1200 2361 Aul.
1223 2325 1313 2362 112.
1361 2321 1464 2371 beat,
1498 2324 1544 2361 cf.
1563 2323 1646 2360 Mil.
1665 2324 1759 2361 470.

269 2414 323 2419 —-
358 2395 449 2431 138.
483 2389 679 2442 Eryasile
702 2396 794 2430 cett.
829 2391 938 2429 codd.
965 2412 1018 2416 —
1055 2394 1146 2432 139.
1187 2393 1369 2430 Alterum
1399 2403 1450 2430 ne
1478 2405 1614 2430 versus
1646 2405 1762 2430 causa

269 2463 417 2500 delevit
432 2462 548 2499 Both.
568 2481 615 2487 ——
640 2462 731 2499 145.
763 2457 891 2510 fuerit
906 2461 983 2497 iam
1000 2463 1040 2498 in
1057 2461 1087 2498 B
1106 2461 1367 2498 emendatum.
1386 2481 1440 2484 —
1461 2461 1552 2498 148.
1584 2457 1762 2498 Alienus·

269 2527 374 2580 690?
413 2529 606 2567 Fleckeis.
638 2532 790 2566 mutato
829 2528 967 2565 ordine
1003 2529 1110 2578 „Ego
1151 2528 1344 2567 alienus“.
1414 2529 1525 2575 Quod
1556 2532 1600 2565 ut
1630 2531 1670 2566 in
1701 2528 1760 2566 Ci-

269 2612 409 2636 cerone
441 2602 480 2635 et
511 2597 720 2647 Propertio
751 2596 971 2647 probarem,
1005 2598 1061 2634 ita
1084 2598 1125 2634 in
1149 2597 1291 2635 Plauto
1316 2598 1443 2645 legem
1474 2609 1552 2633 non
1578 2608 1758 2644 agnosco.

267 2667 345 2705 Sed
376 2663 441 2704 ‘illi
473 2667 643 2704 alienum
668 2665 915 2703 scribendum
950 2678 1033 2701 esse
1068 2664 1170 2702 vidit
1202 2664 1388 2715 Geppert.
1413 2685 1468 2689 -—
1503 2665 1594 2702 151.
1628 2674 1759 2713 quom,

265 2749 301 2772 v.
328 2736 377 2772 ad
401 2734 542 2784 Amph.
570 2735 661 2772 636.
690 2754 743 2759 -—
764 2735 854 2771 152.
883 2729 982 2771 habe
1000 2729 1148 2770 bonum
1173 2730 1368 2779 animum,
1395 2746 1551 2769 causam
1567 2732 1701 2770 videas
1723 2746 1759 2779 v·

271 2803 362 2849 1673
395 2803 605 2852 quominus
623 2804 754 2840 statim
772 2801 1099 2851 afferat,impedit
1112 2801 1285 2849 Ergasili
1300 2801 1549 2849 interruptio.
1583 2800 1763 2838 Ceterum
