1854 3188
138 200 206 245 111,
220 202 250 245 6,
266 201 400 235 24-37
500 177 503 180 ¹
779 199 992 234 Bacchides.
1580 205 1631 244 95

720 325 1060 367 Pistoclerus

143 398 330 441 Obsecro
362 397 520 449 hercle,
554 397 768 451 eloquere,
801 399 896 452 quis
927 398 964 439 is
998 397 1091 439 est?

702 483 1073 527 Mnesilochus

1087 555 1360 598 Beneuolens
1390 556 1502 598 uiuit
1531 556 1632 607 tibi3

139 629 248 671 Nam
282 629 326 670 ni
357 629 419 670 ita
451 632 578 679 esset,
610 632 755 671 tecum
787 642 956 670 orarem
988 632 1049 679 ut,
1081 628 1119 668 ei
1151 627 1263 680 quod
1296 641 1442 681 posses
1475 628 1577 669 mali

142 701 315 752 Facere,
348 700 525 743 faceres.

721 772 1059 814 Pistoclerus

554 844 632 885 Dic
664 844 790 885 modo
824 844 1054 892 hominem,
1088 843 1162 897 qui
1195 843 1273 895 sit3
1307 843 1343 884 si
1374 856 1460 884 non
1491 841 1634 884 fecero

141 917 193 958 Ei
224 916 336 958 male
369 917 516 970 aliquo
549 920 687 970 pacto,
720 930 787 958 me
820 929 912 958 esse
947 915 1077 956 dicito
1108 916 1464 968 ignauissumum.

709 1001 1074 1044 Mnesilochus

141 1076 337 1131 Nequam
368 1076 552 1125 homost,
585 1089 736 1117 uerum
767 1074 913 1115 hercle
946 1075 1109 1116 amicus
1142 1079 1205 1116 est
1236 1074 1327 1116 tibi.

723 1161 1063 1203 Pistoclerus

1230 1233 1370 1274 Tanto
1403 1233 1538 1286 magis
1572 1244 1637 1277 555

141 1306 232 1357 Dic,
267 1307 360 1360 quis
392 1311 477 1359 est;
518 1320 704 1361 nequam
738 1305 922 1346 hominis
955 1319 1032 1358 ego
1065 1306 1188 1358 parui
1219 1305 1360 1359 pendo
1392 1305 1589 1358 gratiam.

699 1392 1070 1434 Mnesilochus

143 1464 280 1506 Uideo
313 1479 398 1507 non
429 1470 617 1519 potesse,
651 1466 753 1518 quin
785 1464 865 1506 tibi
899 1465 989 1506 eius
1021 1479 1180 1506 nomen
1212 1465 1403 1518 eloquar.

143 1536 395 1585 Pistoclere7
428 1536 657 1590 perdidisti
689 1552 754 1578 me
787 1536 981 1578 sodalem
1012 1536 1219 1578 funditus.

722 1620 1063 1662 Pistoclerus

145 1692 257 1742 Quid
289 1693 401 1733 istuc
434 1692 526 1733 est?

711 1763 1078 1819 Mnesilochus

385 1835 500 1885 Quid
533 1837 616 1877 sit?
664 1836 817 1877 Misine
850 1850 927 1889 ego
960 1836 1015 1876 ad
1047 1840 1089 1877 te
1123 1850 1173 1877 ex
1204 1836 1377 1890 Epheso
1410 1836 1640 1891 epistulam

150 1906 289 1961 Super
321 1909 471 1958 amica,
502 1913 550 1949 ut
580 1908 684 1949 1111111
717 1908 960 1949 iuuenires‘?

724 1979 1063 2021 Pistoclerus

891 2051 1050 2093 Fateor
1079 2050 1243 2092 factum
1277 2056 1320 2093 et
1350 2052 1533 2105 repperi.
1576 2063 1642 2096 560

701 2123 1081 2165 Mnesilochus

146 2193 271 2246 Quid,
304 2195 384 2236 tibi
415 2210 502 2237 non
536 2202 630 2238 erat
660 2197 933 2237 meretricum
967 2195 1152 2236 aliarum
1182 2195 1363 2237 Athenis
1396 2196 1533 2249 copia,

147 2266 413 2316 Quibuscum
445 2268 629 2310 haberes
662 2283 764 2318 rem,
805 2268 888 2308 nisi
921 2281 1017 2308 cum
1048 2266 1134 2317 illa,
1169 2281 1299 2321 quam
1331 2281 1409 2320 ego
1441 2266 1641 2308 mandas-

1102 2353 1191 2380 sem
1223 2339 1317 2390 tibi,

145 2411 257 2453 Eam
288 2415 334 2453 ut
364 2412 581 2466 occiperes
613 2416 706 2454 tute
740 2425 884 2452 amare
919 2416 960 2452 et
991 2411 1048 2451 mi
1080 2411 1163 2452 ires
1196 2410 1442 2452 consultum
1473 2409 1612 2451 male?

727 2483 1067 2524 Pistoclerus

147 2555 293 2597 Sanun
326 2556 401 2597 es‘?

237 2725 300 2758 551
329 2723 542 2768 Obsequere
606 2724 758 2768 loquere
824 2725 889 2757 559
916 2722 1012 2766 Quid
1038 2722 1121 2757 est?
1192 2733 1250 2755 me
1275 2721 1352 2755 sine
1380 2719 1408 2755 G
1482 2721 1545 2754 561
1574 2719 1643 2763 Qui

147 2781 212 2815 563
235 2781 329 2815 Eam
355 2786 397 2815 ut
422 2791 487 2815 om.
581 2793 640 2815 me
