1897 3171
771 203 814 238 V.
843 206 1034 239 482—492.
1569 210 1649 249 569

161 332 246 371 cod.
279 333 379 371 Brit.
410 333 492 370 haec
530 335 801 383 suprascripta
841 339 952 370 sunt:
1005 333 1117 379 „Cur
1149 337 1359 385 parasitus.
1421 335 1513 386 Cap.
1546 337 1649 374 leno.

159 401 254 450 Lyc.
292 404 394 451 trap.
433 401 614 439 lorarius.
681 401 792 439 Plan.
832 401 986 450 virg0“.
1060 403 1115 439 Ac
1154 402 1375 440 Planesium
1423 403 1535 440 adest
1580 404 1651 441 illa

161 468 339 519 quidem,
379 469 447 506 sed
477 469 626 506 nullum
658 469 822 506 verbum
856 469 971 515 dicit3
1018 470 1164 507 lorario
1196 484 1289 508 num
1321 484 1418 520 opus
1449 472 1569 508 fuerit
1601 471 1650 508 ad

159 539 349 588 virginem
379 537 672 589 producendam
703 537 955 574 vehementer
987 537 1144 584 dubito,
1188 544 1306 588 atque
1347 539 1444 576 adeo
1477 553 1524 576 ex
1557 539 1650 577 Cur-

160 606 326 644 culionis
365 605 496 643 verbis
534 605 684 642 nullum
715 605 837 642 fuisse
870 610 1044 656 apparet.
1076 625 1132 630 —
1163 606 1220 643 De
1253 607 1449 656 scriptura
1481 603 1540 644 Ee·
1571 607 1649 645 vid.

161 674 212 711 ad
243 675 352 711 Asin.
387 675 480 712 482.
542 673 630 710 Aul.
666 674 758 711 686.
820 673 923 709 infra
954 674 1048 711 490.
1084 694 1131 698 —
1172 684 1273 722 prae
1305 679 1394 711 cett.
1428 674 1560 720 eodd.;
1604 676 1649 713 cf.

159 742 302 779 Pseud.
339 742 415 779 169
450 746 489 778 et
521 742 623 778 241:
673 741 723 787 .,I‚
756 754 891 790 puel-e,
923 740 1060 790 prae“.
1107 742 1246 791 Amph.
1279 743 1376 780 538:
1414 742 1512 789 „Abi
1544 756 1650 791 prae,

161 808 313 847 Sosia“.
376 809 462 846 Ter.
495 809 618 846 Andr.
656 809 730 846 171
775 813 812 846 et
850 809 950 847 Eun.
986 810 1084 847 908:
1138 810 1174 857 „l
1212 823 1325 859 prae3
1373 808 1557 859 sequor“.
1600 830 1649 835 —-

162 878 256 915 487.
286 877 365 914 Pro
391 881 578 928 corrupto
605 875 790 927 cuiquam
815 878 1058 926 superiores:
1097 877 1354 927 ..quidquid‘'‚
1388 877 1446 915 Fl.
1470 876 1651 927 .,quam·‘.

159 965 216 971 —-
232 946 326 984 488.
359 943 395 983 it
416 946 660 996 producitur,
692 959 726 982 V.
742 945 846 982 Prol.
864 959 901 995 p.
926 947 1014 983 196.
1050 946 1165 983 Both.
1189 945 1300 991 ‚,iit“.
1343 945 1468 995 Gepp.
1492 945 1554 991 „id
1578 944 1651 983 it·‘.

159 1033 215 1038 —
254 1010 315 1052 At
351 1018 423 1051 etc.
471 1013 697 1051 Curculioni
733 1013 958 1050 tribuerunt
996 1018 1095 1050 antt.
1129 1013 1216 1051 edd.
1251 1034 1307 1039 —
1347 1015 1440 1051 489.
1489 1009 1652 1051 liberali

162 1092 288 1120 causa
314 1092 438 1120 mame
465 1079 682 1128 adsereret,
708 1083 733 1119 i.
753 1095 784 1118 e.
802 1083 843 1118 in
866 1081 1089 1118 libertatem
1114 1082 1343 1127 vindicaret,
1373 1082 1418 1119 cf.
1437 1081 1539 1118 infra
1559 1083 1650 1119 705.

160 1150 277 1188 Poen.
311 1152 391 1188 908
432 1164 510 1199 sq.:
561 1163 704 1187 ..manu
743 1162 805 1186 eas
848 1149 1004 1186 adserat
1042 1150 1195 1187 liberali
1236 1147 1390 1187 causa“.
1465 1150 1516 1186 ib.
1560 1151 1654 1186 967.

170 1220 290 1257 1105.
348 1219 436 1256 Ter.
461 1218 535 1255 Ad.
566 1219 662 1256 194:
716 1231 809 1268 „ego
849 1217 1007 1254 liberali
1040 1217 1147 1254 illam
1180 1217 1317 1254 adsero
1351 1231 1466 1254 causa
1495 1218 1653 1255 manu“.

167 1286 245 1324 Cic.
270 1300 309 1337 p.
332 1286 472 1324 Flacco
504 1288 564 1327 17,
590 1288 662 1324 40:
701 1288 765 1332 ..in
797 1299 911 1323 causa
943 1285 1099 1322 liber-ali
1131 1299 1228 1329 eum,
1264 1287 1330 1334 qui
1362 1284 1653 1322 asserebatu1·²⁴.

163 1355 214 1393 ad
243 1355 351 1392 Fam.
386 1355 494 1400 VIII,
537 1356 581 1401 9,
627 1356 668 1391 l:
721 1356 827 1402 „agit-
869 1367 1007 1391 causas
1045 1353 1267 1390 liberales·'.
1330 1354 1377 1391 cf.
1411 1367 1529 1403 supra
1562 1355 1654 1391 2209.

160 1444 216 1448 —
247 1425 340 1461 490.
372 1419 461 1471 firz,
494 1422 600 1472 quod
631 1424 670 1459 in
703 1422 815 1460 codd.
848 1423 1011 1471 legitur,
1049 1420 1169 1469 .‚eiri‘'
1207 1422 1291 1464 fuit.
1325 1422 1371 1458 cf.
1405 1435 1440 1458 v.
1474 1422 1567 1459 486.
1600 1441 1656 1446 -—

162 1493 256 1529 492.
288 1488 350 1529 Et
378 1505 456 1529 non
486 1495 566 1528 tam
603 1492 769 1536 .,etiam'‘
805 1496 876 1535 est,
911 1503 1027 1539 quam
1059 1491 1283 1527 coniunctio
1315 1489 1395 1526 haec
1428 1503 1514 1526 cum
1550 1503 1651 1536 „me-

162 1557 338 1597 minero“
373 1562 560 1607 iungens,
601 1572 637 1596 v,
670 1558 828 1596 Lachin.
863 1558 910 1595 ad
943 1558 1100 1595 Lucret.
1133 1572 1170 1607 p.
1201 1558 1292 1594 389.
1326 1577 1380 1582 —
1411 1557 1653 1606 Responsum

162 1641 240 1666 non
270 1628 460 1677 Lyconis,
494 1627 561 1664 sed
594 1626 837 1664 Curculionis
870 1640 952 1663 esse
985 1621 1149 1675 apparet
1181 1639 1227 1661 ex
1261 1627 1361 1671 505,
1403 1638 1472 1662 nec
1514 1625 1655 1662 fefellit

163 1697 348 1734 editores.
397 1695 472 1733 Sed
504 1695 636 1732 hiatus
673 1695 798 1739 „dico.
844 1694 918 1731 Et''
956 1694 1141 1730 molestus
1175 1699 1255 1739 est,
1290 1693 1357 1730 alii
1382 1693 1501 1730 verba
1527 1700 1654 1730 trans-

161 1768 392 1815 posuerunt,
423 1763 696 1801 Lachmannus
720 1762 843 1800 ..Seffl
866 1763 1046 1811 scripsit,
1080 1774 1212 1797 verum
1240 1775 1311 1797 nec
1332 1760 1456 1806 „secv‘
1477 1775 1544 1797 nec
1563 1763 1653 1798 sim·

161 1833 255 1883 plex
286 1830 385 1878 ,‚Et“
415 1837 552 1882 aptum
585 1837 654 1869 est.
702 1831 785 1879 Ego
819 1832 1057 1868 conieceram
1089 1828 1275 1875 .‚He1·cle··'
1306 1835 1371 1865 aut
1403 1825 1556 1874 .,Bene“
1587 1832 1656 1865 aut

167 1901 243 1949 „Et
277 1930 285 1938 .
305 1930 312 1938 .
333 1930 340 1938 .
375 1912 448 1948 ego
481 1899 684 1950 quoque·‘;
731 1899 944 1936 Mffllerus:
992 1897 1067 1944 „Et
1097 1902 1222 1943 tuni'’,
1257 1896 1381 1945 quod,
1421 1897 1456 1933 si
1486 1896 1655 1944 Lyconis

161 1969 282 2006 verba
321 1974 470 2014 essent,
516 1969 754 2017 praeferreni.
831 1967 941 2004 Nunc
988 1967 1079 2016 quia
1128 1979 1253 2002 sermo
1294 1965 1341 2001 ad
1383 1964 1654 2002 Curculionem

161 2039 317 2079 transit,
351 2047 421 2086 890
453 2047 611 2086 quoque
641 2038 754 2073 unice
786 2040 918 2084 aptum
946 2034 1113 2071 videtur.
1135 2053 1181 2057 —
1213 2034 1305 2070 493.
1340 2030 1537 2081 accipiam
1563 2032 1654 2069 olim

163 2106 425 2144 emendatum.
486 2101 747 2152 Dffcmcv'pium
788 2106 868 2140 sive
906 2103 1144 2151 mancipatio
1184 2108 1243 2138 est
1281 2101 1448 2137 traditio
1490 2100 1653 2136 dominii

163 2187 211 2211 ex
241 2175 324 2210 iure
357 2174 474 2217 civili,
509 2186 593 2222 quae
625 2172 669 2209 fit
702 2171 806 2222 apud
836 2176 1045 2220 praetorem
1076 2183 1148 2219 per
1174 2183 1224 2206 aes
1251 2174 1289 2205 et
1313 2168 1463 2205 libram.
1512 2168 1654 2215 Imagi—

160 2243 272 2279 naria
308 2241 388 2278 haec
426 2241 602 2278 venditio
642 2239 874 2277 firmissimis
914 2240 1010 2276 iuris
1053 2238 1219 2276 vinculis
1267 2246 1305 2273 et
1352 2240 1570 2285 emptorem
1614 2239 1652 2271 et

158 2309 403 2347 venditorem
427 2310 653 2357 adstringit,
686 2322 757 2345 nec
782 2308 870 2344 leno
893 2307 1073 2356 graviore
1099 2306 1389 2343 asseveratione
1413 2304 1650 2351 promissum

141 2365 274 2415 ssuum
311 2377 466 2415 firmare
505 2380 637 2426 potuit
677 2389 792 2426 quani
834 2375 998 2412 dicendo
1039 2388 1078 2411 se
1118 2373 1308 2422 mancipio
1352 2373 1554 2415 daturum,
1604 2370 1651 2407 cf.

161 2446 268 2483 Pers.
305 2447 396 2484 525.
459 2445 534 2483 Cic.
568 2445 665 2493 Top.
703 2446 763 2489 10,
797 2444 848 2480 45
883 2449 921 2480 et
955 2444 1019 2488 26,
1057 2443 1146 2479 100.
1209 2440 1388 2477 Curculio
1421 2451 1525 2482 vero,
1561 2441 1653 2486 quia

159 2514 279 2561 vulgo
319 2519 416 2550 nota
456 2518 538 2550 erat
577 2514 758 2549 lenonum
793 2511 981 2561 perfidia.
1029 2509 1259 2558 respon-iet,
1307 2520 1345 2543 se
1376 2520 1423 2543 ne
1455 2508 1651 2554 mancipio

162 2581 320 2631 quidem
352 2581 565 2631 quidquam
598 2594 619 2618 a
649 2581 790 2617 lenone
833 2584 1103 2629 accepturum,
1150 2589 1221 2612 nec
1260 2575 1331 2611 ulli
1370 2575 1525 2610 omnino
1564 2586 1652 2622 pro-

160 2651 280 2687 misso
311 2650 402 2687 talis
433 2649 602 2686 hominis
635 2648 889 2685 crediturum.
950 2646 1092 2690 Addit,
1133 2656 1218 2679 eum
1260 2638 1361 2679 nillil
1401 2638 1467 2678 8ιηῖ
1505 2641 1652 2677 habere

161 2721 309 2768 praeter
339 2714 537 2766 linquam,
571 2718 595 2753 i.
626 2730 657 2753 e.
689 2716 835 2753 nullius
867 2717 922 2751 rei
955 2715 1099 2750 iustum
1132 2714 1171 2747 et
1201 2710 1420 2757 legitimum
1452 2699 1650 2746 dominum

161 2797 256 2832 esse,
289 2785 356 2822 sed
391 2783 583 2834 quidquid
616 2783 771 2829 habeat,
805 2784 911 2819 furto
945 2787 983 2817 et
1008 2780 1163 2816 fallacia
1190 2789 1445 2826 comparasse,
1478 2776 1651 2823 linguam
