1897 3171
284 196 366 233 434
922 193 1136 227 Bacchides.

283 323 404 369 magis
437 321 630 357 orationis
662 334 777 370 quam
808 321 937 358 hiatus
970 335 1097 367 causa,
1131 335 1244 370 quem
1275 326 1364 370 post
1396 335 1535 359 nomen
1566 323 1769 371 proprium

283 389 400 425 etiam
430 388 576 426 Ritsch.
610 388 751 437 Opusc.
783 389 840 436 II,
873 402 911 438 p.
945 390 1023 426 498
1057 388 1244 427 defendit.
1278 409 1333 415 —
1371 386 1543 428 Lartius
1573 390 1628 437 A,
1669 393 1770 426 teste

283 456 510 506 Geppertio,
544 456 656 494 Stud.
683 457 733 504 II,
766 471 805 507 p.
839 458 904 503 34,
937 458 961 494 i.
996 471 1028 494 e.
1062 457 1254 503 Laertius,
1286 459 1368 495 sive
1401 458 1555 496 Laertis
1585 458 1702 503 filius,
1734 472 1769 495 v.

282 525 438 574 Proleg.
473 527 566 562 216.
626 525 784 575 Fragm.
816 526 957 573 tragici
997 526 1138 562 incerti
1178 526 1284 574 apud
1324 526 1485 571 Quintil.
1533 526 1596 573 VI,
1630 528 1665 572 3,
1699 528 1769 563 96:

287 593 396 640 „Nisi
441 594 473 630 si
513 607 589 643 qua
617 594 753 631 Ulixes
791 598 878 630 rate
919 595 1044 630 evasit
1081 591 1280 631 Lartius“.
1344 595 1525 632 Formam
1561 591 1767 640 „Lertius“

282 662 460 710 praetulit
490 661 700 707 Fleckeis.,
735 664 801 711 qui
832 663 933 700 Ann.
966 663 1062 712 phil.
1095 662 1240 707 XCIII,
1274 675 1312 710 p.
1346 665 1387 709 8,
1419 665 1564 712 partim
1593 662 1771 699 Ritsche·

283 730 377 766 lium
408 733 585 775 secutus,
618 731 717 767 hanc
750 735 881 767 censet
915 733 1115 780 antiquam
1141 731 1256 767 huius
1280 744 1417 767 versus
1441 731 1606 768 formam
1631 731 1770 768 fuisse:

288 798 426 844 „Miles
450 798 707 845 Menelauost,
736 811 807 846 ego
824 799 1101 848 Agamemino:
1135 798 1236 835 idem
1263 798 1401 836 Ulixes
1428 797 1625 836 Lertius³².
1674 798 1774 836 Mihi

288 866 493 912 .,Lartins“
522 870 645 916 magis
670 867 874 916 probatur,
907 868 969 904 vel
999 870 1165 917 propter
1181 866 1298 916 Soph.
1316 868 1378 905 Ai.
1403 867 1441 904 I:
1471 868 1536 903 Ἀεί.
1559 881 1632 915 μεν,
1660 861 1686 902 ὦ
1709 870 1776 902 παῖ

282 939 450 985 Λαρτίου.
481 955 536 960 —
575 936 669 972 942.
719 932 1004 973 Mnesilochus
1036 936 1097 972 esf
1127 936 1163 972 h.
1196 936 1223 973 l.
1255 950 1332 973 non
1362 936 1488 973 solum
1520 940 1565 973 ut
1594 919 1635 973 in
1668 939 1773 972 ante-

285 1006 439 1043 cedenti
474 1002 722 1050 (.,Menelaus
755 1003 858 1051 est“)
893 1004 921 1040 B
954 1008 993 1041 et
1024 1004 1071 1043 C,
1115 1004 1183 1040 sed
1215 1005 1333 1041 etiam
1366 1006 1421 1051 A,
1454 1004 1560 1053 quod
1591 1005 1631 1040 in
1662 1007 1773 1040 textu

283 1074 447 1110 retineri
475 1073 663 1122 oportuit.
682 1093 737 1097 —
754 1070 882 1110 exitio
900 1072 946 1109 A.
965 1091 1019 1096 —
1040 1073 1132 1109 943.
1165 1068 1212 1109 IS
1230 1072 1270 1110 C.
1288 1072 1348 1119 D.,
1373 1072 1488 1119 „His“
1511 1073 1554 1110 B.
1578 1069 1665 1116 „Si“
1684 1073 1724 1108 in
1742 1073 1775 1108 A

284 1154 413 1178 merus
445 1154 553 1177 error
585 1145 662 1178 est:
696 1139 835 1178 (unexit
865 1143 904 1178 in
934 1142 968 1178 A
999 1141 1096 1190 legit
1113 1140 1239 1191 Gepp.
1258 1155 1295 1190 p.
1324 1143 1387 1179 35.
1405 1162 1460 1165 —
1485 1138 1608 1190 quoia
1639 1150 1773 1185 accusa,

283 1224 319 1247 v.
352 1210 400 1246 ad
441 1209 550 1247 Cure.
585 1210 678 1246 229.
721 1229 773 1233 —-
820 1211 914 1247 944.
961 1206 1074 1247 Nam
1112 1210 1279 1247 refertur
1317 1209 1366 1247 ad
1404 1224 1439 1247 V.
1481 1210 1574 1247 941.
1613 1229 1669 1234 »-
1714 1205 1777 1246 illi

283 1276 428 1315 itidem
458 1278 588 1323 Both„
621 1278 804 1327 idemque
836 1279 876 1314 in
906 1279 940 1315 A
972 1292 1056 1315 esse
1080 1277 1294 1315 Ritschelio
1326 1281 1451 1315 visum
1485 1281 1554 1314 est.
1618 1274 1777 1316 Ulfioeem

286 1344 431 1384 audiui
461 1347 507 1383 A.
551 1366 607 1370 -—
652 1347 744 1383 945.
793 1346 956 1384 Versum
996 1346 1087 1383 dedi
1126 1350 1170 1384 ut
1207 1348 1248 1383 in
1294 1346 1328 1383 A
1369 1360 1452 1383 esse
1501 1346 1663 1392 dicitur,
1709 1345 1776 1382 sed

283 1416 412 1465 prima
442 1428 517 1452 vox
549 1411 676 1453 Dolis
707 1419 895 1465 corrupta
926 1415 1096 1452 videtur.
1152 1414 1366 1452 Lambinus
1403 1414 1471 1457 „In
1503 1413 1626 1451 dolis‘'
1663 1415 1775 1459 coni„

285 1484 334 1520 ad
365 1497 521 1520 sensum
553 1487 680 1528 recte3
713 1483 928 1530 Acidalius,
962 1496 1075 1533 quem
1105 1484 1285 1532 sequitur
1308 1482 1472 1528 Ritsch„
1505 1481 1660 1530 „Doli“,
1694 1485 1777 1520 iure

285 1551 543 1601 improbante.
565 1551 746 1598 Miillero,
781 1552 837 1588 Pl.
871 1551 979 1589 Pros.
1013 1566 1049 1601 p.
1089 1553 1179 1588 172.
1237 1551 1397 1600 Requiri
1428 1551 1584 1588 videtur
1615 1550 1776 1600 aliquid,

285 1621 346 1657 cui
373 1623 596 1670 opponatur
622 1621 661 1656 in
686 1621 875 1669 proximis
898 1618 1196 1667 „mendicans‘⁴;
1229 1633 1321 1656 num
1345 1617 1581 1666 „Fallens?“
1620 1639 1668 1643 —-
1708 1615 1778 1656 ille

289 1686 529 1726 mendica‘ns
566 1692 679 1735 cett„
732 1690 755 1725 i.
790 1702 821 1725 e.
854 1688 1080 1726 mendicans
1120 1689 1302 1725 inventus
1339 1701 1450 1736 paene
1488 1689 1653 1724 interiit.
1721 1687 1778 1724 De

291 1757 463 1794 chiasmo
504 1757 652 1793 ordinis
693 1771 727 1794 v.
771 1757 821 1793 ad
859 1757 1000 1806 Amph.
1037 1758 1128 1794 290.
1178 1776 1231 1780 —
1276 1754 1435 1794 interiit
1479 1757 1638 1793 ultimas
1685 1756 1780 1792 duas

268 1825 500 1871 contrahit,
533 1838 569 1862 v,
602 1825 756 1874 Proleg.
788 1839 826 1874 p.
862 1826 954 1862 212.
991 1845 1038 1849 —-
1072 1824 1128 1861 De
1159 1824 1276 1862 Ulixe
1307 1837 1389 1861 rem
1420 1828 1557 1861 narrat
1588 1825 1782 1861 Homerus

292 1893 363 1930 Od.
396 1894 459 1940 IV,
495 1895 573 1930 242
606 1907 705 1942 sqq.,
748 1907 835 1930 eum
868 1893 1097 1942 speculandi
1137 1907 1253 1930 causa
1284 1894 1323 1929 in
1353 1893 1490 1930 urbem
1522 1893 1782 1929 Troianorum

291 1962 476 1999 introisse
508 1962 674 1998 mendici
708 1962 871 1999 hominis
903 1962 1054 2007 habitu,
1087 1961 1155 1998 sed
1187 1961 1234 1998 ab
1265 1961 1415 1998 Helena
1444 1965 1577 1997 tamen
1608 1962 1781 2010 agnitum

293 2043 386 2067 esse.
447 2030 611 2067 Addunt
641 2031 870 2079 tragici,‚ut
900 2030 1123 2079 Euripides,
1159 2029 1306 2066 Hecub.
1341 2031 1418 2066 243
1452 2043 1550 2079 sqq„
1594 2029 1782 2066 Helenam

293 2112 380 2134 cum
411 2098 572 2135 Hecuba
602 2112 682 2135 rem
715 2100 1038 2144 communicasse,
1086 2101 1126 2134 et
1156 2098 1312 2136 Ulixem
1349 2100 1390 2135 in
1432 2101 1645 2135 extremum
1678 2098 1781 2147 peri-

293 2167 421 2203 culum
453 2166 663 2203 adductum
693 2166 920 2204 humillimis
950 2167 1134 2217 precibus
1165 2166 1385 2213 Hecubam,
1431 2169 1477 2203 ut
1515 2179 1555 2203 se
1593 2169 1780 2211 servaret,

293 2247 485 2281 exorasse,
519 2234 565 2271 cf.
591 2234 695 2270 infra
723 2236 815 2272 958.
842 2255 896 2260 —
929 2237 1020 2282 946,
1053 2240 1098 2272 ut
1129 2239 1168 2272 et
1198 2236 1236 2271 in
1267 2235 1302 2271 A
1333 2237 1373 2271 et
1403 2235 1444 2270 in
1475 2235 1614 2271 ceteris
1647 2233 1782 2270 scribi-

292 2307 369 2349 tur,
402 2304 648 2351 septenarius
678 2303 898 2340 trochaicus
930 2308 998 2341 est.
1061 2304 1316 2341 Octonarium
1356 2303 1529 2339 restituit
1566 2301 1783 2339 Gulielmus

293 2384 365 2420 pro
403 2368 571 2408 illorum
608 2371 782 2408 scribens
811 2370 1039 2419 „Iliorum“,
1072 2372 1140 2408 sed
1170 2372 1333 2421 pluralis
1365 2383 1551 2408 numerus
1582 2369 1677 2419 quid
1708 2369 1783 2407 sibi

294 2440 407 2486 velit,
450 2452 527 2476 non
558 2439 750 2487 intelligo.
819 2435 909 2487 fata
940 2445 1045 2477 recte
1076 2442 1109 2476 A
1142 2445 1181 2477 et
1211 2440 1250 2487 C,
1284 2453 1520 2490 quamquam
1551 2439 1702 2476 Ritsch.
1737 2452 1782 2474 ex

293 2508 324 2545 B
360 2506 510 2554 „facta“
546 2509 708 2557 recepit.
769 2507 855 2544 Non
893 2507 995 2545 facta
1036 2509 1103 2545 sed
1140 2521 1203 2545 res
1243 2512 1282 2545 et
1313 2507 1491 2546 condicio
1523 2507 1781 2544 Troianorum

294 2576 539 2626 exploranda
570 2579 692 2622 erant,
726 2579 770 2612 ut
802 2577 978 2622 sciretur,
1010 2580 1142 2613 utrum
1175 2577 1270 2613 satis
1301 2576 1351 2613 ad
1380 2576 1528 2613 bellum
1553 2575 1781 2612 continuan-

295 2644 386 2681 dum
403 2643 630 2698 sufficerent
647 2658 695 2681 an
713 2657 802 2690 non,
830 2644 893 2681 vel
908 2648 1040 2681 utrum
1064 2644 1147 2681 fata
1173 2657 1304 2680 eorum
1330 2644 1380 2681 ad
1405 2645 1554 2681 exitum
1576 2653 1780 2692 vergerent

294 2726 427 2750 necne.
453 2733 508 2738 —-
540 2714 634 2750 947.
676 2708 850 2751 [finctus
880 2721 984 2757 Sum,
1017 2725 1078 2748 me
1110 2713 1332 2749 vinxerunt.
1379 2711 1438 2749 Fl.
1469 2711 1659 2758 „Uinctus
1683 2710 1780 2748 fui“.

295 2791 376 2827 me,
410 2781 515 2829 quod
547 2782 624 2817 iam
657 2781 825 2829 Pylades
856 2780 1072 2826 addiderat,
1116 2781 1153 2816 in
1186 2782 1217 2816 A
1251 2781 1408 2827 iegitur.
1441 2777 1539 2817 item
1568 2790 1612 2817 36
1643 2777 1714 2816 ille
1744 2784 1782 2815 et
