1854 3188
6 3114 26 3188 F„

134 187 198 231 IV,
210 188 241 230 9,
253 187 410 221 98--117
780 185 993 220 Bacchides.
1548 188 1581 226 1·
1603 188 1624 226 7

1575 188 1597 226 10

137 313 195 354 Et
224 326 291 354 me
322 311 545 353 meliorem
575 310 676 351 fecit
707 311 954 365 praeceptis
987 311 1089 360 suis,

138 384 270 433 Utte
303 384 342 426 ei
373 383 534 425 habere
565 383 752 436 gratiam
785 396 968 436 aequom
1001 382 1058 423 sit
1090 381 1287 423 bonam··.

734 479 765 522 C
776 480 870 535 hry
882 494 900 522 s
913 480 997 522 alu
1009 495 1026 521 s

136 555 273 597 Estne
303 555 418 596 istuc
448 554 547 595 istic
580 553 819 606 scriptum?

737 651 1036 692 Nicobulus

884 723 961 764 Em
996 727 1156 776 specta,
1188 726 1280 763 tum
1314 723 1435 763 scies.
1543 734 1629 766 1020

738 825 1030 879 Chrysalus

141 899 210 949 Ut,
244 900 317 953 qui
350 898 547 952 deliquit.
581 898 764 952 supplex
796 902 862 939 est
892 897 1006 938 ultro
1040 896 1258 938 omnibus!

736 999 1037 1041 Nicobulus

144 1073 296 1125 „Nunc
327 1073 362 1114 si
393 1086 460 1113 me
492 1072 556 1113 fas
589 1077 654 1113 est
686 1072 912 1113 obsecrare
946 1071 1021 1113 abs
1053 1077 1107 1123 te,
1139 1079 1275 1126 pater.

141 1146 208 1187 Da
241 1145 347 1186 mihi
379 1144 588 1186 ducentos
621 1157 819 1185 nummos
851 1143 1083 1197 Philippos,
1117 1149 1159 1185 te
1193 1144 1409 1186 obsecrost*

739 1246 770 1288 C
780 1246 807 1288 h
820 1261 841 1288 1·
849 1262 875 1301 y
886 1261 904 1288 s
917 1247 964 1287 al
977 1261 1004 1287 u
1015 1261 1033 1287 s

142 1320 207 1362 Ne
238 1334 367 1361 unum
401 1319 574 1372 quidem
605 1318 763 1370 hercle,
797 1320 834 1360 si
866 1320 995 1372 sapis.

739 1421 1034 1463 Nicobulus

1047 1492 1159 1543 Sine,
1191 1492 1421 1547 perlegam.

146 1566 262 1620 „Ego
295 1567 361 1607 ius
392 1565 624 1606 iurandum
657 1565 803 1607 uerbis
836 1565 1056 1618 conceptis
1091 1565 1200 1615 dedi⁷
1552 1574 1636 1606 1025

73 1650 81 1656 ·
144 1639 358 1680 Daturum
389 1638 434 1679 id
467 1652 533 1679 me
565 1638 693 1679 hodie
726 1637 897 1678 mulieri
930 1642 1031 1677 aute
1063 1651 1307 1690 uesperum2

143 1710 267 1752 Prius
300 1724 429 1763 quam
460 1723 486 1750 a
517 1723 582 1750 me
616 1710 770 1751 abiret.
831 1709 968 1757 Nunc,
1000 1713 1137 1761 pater,
1170 1722 1222 1749 ne
1255 1709 1480 1762 perierem.

145 1782 259 1824 Cura
290 1786 422 1836 atque
455 1781 619 1823 abduce
652 1796 718 1823 me
750 1781 850 1822 hinc
883 1780 936 1822 ab
969 1780 1060 1831 hac,
1093 1785 1304 1834 quantum
1336 1783 1491 1834 potest.

147 1854 287 1904 Quam
319 1858 498 1908 propter
528 1858 694 1894 tantum
730 1853 874 1894 damni
907 1852 989 1893 feci
1022 1857 1063 1893 et
1093 1852 1244 1906 flagiti.

147 1926 265 1968 Caue
296 1926 377 1967 tibi
409 1926 585 1967 ducenti
616 1926 782 1966 nummi
815 1925 1005 1965 diuidiae
1036 1924 1180 1975 fuant3
1549 1933 1636 1965 1030

148 1999 358 2040 Sescenta
388 2002 514 2039 tanta
544 1997 737 2048 reddam,
770 1998 806 2038 si
837 1998 953 2047 uiuo⁷
986 1996 1078 2038 tibi.

150 2070 257 2112 Uale
289 2074 421 2125 atque
452 2069 559 2111 haec
591 2070 733 2110 cura.“
799 2068 910 2119 Quid
942 2082 1055 2109 nunc
1089 2082 1249 2109 censes.
1285 2066 1518 2121 Chrysale'?

752 2170 1040 2225 Chrysalus

149 2256 270 2298 Nihil
302 2271 378 2310 ego
409 2255 491 2297 tibi
522 2255 648 2297 hodie
681 2255 831 2297 consili
864 2255 1100 2309 quidquam
1134 2254 1245 2296 dabo

150 2328 302 2383 Neque
334 2342 411 2382 ego
443 2327 559 2368 haud
591 2328 845 2369 conmittam
875 2332 935 2369 ut.
968 2327 1004 2368 si
1037 2327 1139 2379 quid
1170 2333 1395 2381 peccatum
1428 2327 1520 2367 siet.

152 2401 324 2442 Fecisse
359 2400 478 2441 dicas
512 2399 563 2440 de
595 2414 691 2441 mea
722 2400 959 2449 sententia,
1559 2408 1642 2440 10:57)

152 2473 327 2523 Uerum,
357 2477 407 2514 ut
438 2485 516 2524 ego
549 2472 713 2525 opinor.
746 2472 781 2512 si
814 2485 891 2523 ego
924 2472 967 2511 in
999 2471 1109 2512 istoc
1143 2471 1222 2511 sim
1252 2470 1359 2512 loco.

153 2544 262 2585 Dem
291 2545 438 2598 potius
471 2557 637 2592 aurum,
671 2556 799 2597 quam
833 2543 953 2583 illum
989 2543 1214 2596 conrumpi
1247 2544 1396 2583 sinam.

251 2714 336 2747 1023
361 2713 518 2747 numbos
543 2713 578 2748 B
629 2714 713 2746 1027
738 2713 921 2757 periurem
974 2713 1037 2746 128
1062 2711 1202 2745 adduce
1232 2710 1258 2745 C
1312 2712 1397 2744 1030
1423 2709 1574 2742 diuitiae
1600 2708 1644 2745 Β,

158 2769 314 2804 diuiciae
342 2769 370 2804 C
424 2771 509 2803 1035
536 2770 579 2803 de
605 2780 662 2803 me
688 2781 771 2803 mea
796 2770 841 2811 B,
868 2770 912 2803 de
938 2780 1019 2802 mea
1044 2780 1101 2802 me
1130 2767 1156 2801 C
1205 2768 1289 2800 1030
1314 2765 1406 2800 MC.
1428 2766 1586 2809 praefiqz't
1610 2764 1645 2798 B
