1854 3188
751 195 937 230 Praefatio.
1532 197 1588 234 XI

102 328 275 366 ablativo
307 324 498 376 singulari
527 328 657 363 tertiae
698 325 994 371 declinationis,
1044 329 1078 360 ct
1113 337 1241 360 earum
1277 337 1453 373 quoque=
1502 335 1586 371 quae

102 403 326 437 constanter
370 403 438 437 aut
480 399 607 446 longae
653 402 720 434 aut
764 397 903 433 breves
944 409 1027 433 esse
1066 395 1294 441 videantur,
1342 409 1421 432 non
1460 394 1587 430 nullas

100 472 299 509 interdum
329 485 446 510 versu
475 470 634 507 iubente
663 469 802 506 breves
835 471 901 505 aut
931 468 1067 515 longas
1098 466 1195 503 fieri.
1265 467 1434 512 Quorum
1469 479 1587 514 quum

101 544 289 593 pleraque
321 543 440 581 dubia
480 543 578 588 sint,
622 554 693 578 nec
731 541 806 577 nisi
847 539 1025 577 omnibus
1056 539 1187 575 Plauti
1226 538 1369 575 fabulis
1411 542 1589 575 accurate

101 603 216 652 editis
248 616 391 652 certius
423 614 637 665 quidquam
670 613 747 649 dici
777 615 981 661 oporteat,
1022 624 1141 647 unum
1180 614 1310 647 tamen
1350 609 1590 646 confidenter

101 687 319 735 affirmabo,
350 686 456 736 quod
487 686 602 735 posui
631 685 672 721 in
703 684 857 732 Proleg.
890 696 927 732 p.
956 684 1034 720 208
1067 696 1139 732 sq.,
1171 683 1212 718 in
1243 681 1390 719 Graecis
1422 682 1588 717 nomini-

100 759 174 796 bus
213 759 302 808 plus
341 759 457 795 etiam
491 757 572 794 sibi
602 756 783 793 Plautum
823 756 1057 804 permisisse.
1135 753 1246 799 Quod
1288 767 1407 802 quum
1446 754 1511 802 qui
1545 752 1590 789 de

100 830 201 867 libro
240 844 327 868 meo
358 830 594 868 sententiam
624 828 819 874 tulerunt,
867 826 1081 864 concedere
1120 826 1269 872 nolint,
1316 826 1385 871 iis,
1427 837 1512 874 quae
1551 825 1592 861 in

100 901 394 951 Prolegomenis
427 902 549 938 allata
579 904 682 947 sunt,
714 913 839 949 pauca
869 898 1026 937 addam.
1085 897 1194 934 Nihil
1216 898 1297 934 fere
1321 896 1590 934 vehementius

101 974 351 1021 exagitarunt
381 973 520 1020 critici,
553 986 670 1021 quam
701 971 806 1021 quod
841 968 1089 1017 „Clem-etae‘*
1124 971 1164 1006 in
1195 969 1380 1006 Asinaria
1411 982 1494 1005 eam
1526 981 1592 1004 no-

101 1045 216 1082 minis
246 1045 412 1083 formam
450 1044 626 1091 reddidi,
674 1057 791 1092 quam
835 1046 875 1080 et
913 1042 997 1079 cod.
1030 1042 1205 1079 servavit
1245 1045 1284 1078 et
1313 1040 1458 1088 linguae
1490 1040 1592 1076 ratio

101 1116 355 1155 commendat.
417 1117 542 1163 Quum
584 1116 687 1153 enim
725 1114 894 1152 secunda
933 1115 1101 1152 nominis
1140 1113 1292 1162 syllaba
1330 1113 1447 1161 longa
1478 1116 1591 1157 esset,

101 1188 189 1226 edd.
220 1189 302 1226 sere
337 1186 617 1236 „Cleaeretam‘⁴
654 1188 915 1237 scripserant,
963 1199 1198 1236 quamquam
1229 1186 1269 1222 in
1302 1185 1459 1222 nomine
1492 1197 1592 1221 com-

100 1261 228 1311 posito
253 1274 298 1297 ea
320 1261 465 1298 vocalis
490 1260 710 1311 productio,
737 1272 814 1308 qua
830 1260 871 1295 in
886 1258 1009 1296 verbo
1034 1258 1242 1308 praesentis
1258 1257 1449 1307 temporis
1465 1256 1594 1294 forma

103 1332 282 1380 efficitur,
316 1333 445 1370 locum
475 1346 553 1370 non
583 1332 723 1378 habet3
755 1343 827 1378 ego
850 1330 1036 1368 Plautum
1065 1331 1205 1379 putavi
1234 1342 1313 1366 non
1335 1332 1506 1366 mutasse
1528 1341 1594 1364 vo-

101 1404 236 1452 calem,
268 1405 337 1442 sed
367 1405 597 1454 simpliciter
626 1403 874 1454 produxisse,
908 1402 1014 1453 quod
1045 1415 1133 1439 eum
1163 1403 1205 1438 in
1234 1415 1382 1451 voc.rq.
1411 1414 1443 1438 e.
1470 1399 1594 1437 Ache-

100 1489 196 1514 runs
227 1489 359 1514 omnes
389 1476 517 1515 facere
549 1476 783 1522 concedunt,
814 1476 856 1512 in
887 1475 1043 1512 casibus
1076 1473 1250 1523 obliquis
1280 1474 1494 1523 nominum,
1528 1472 1595 1521 qui

99 1549 344 1587 nominativo
377 1562 469 1586 casu
500 1563 526 1584 ω
557 1548 723 1595 habent,
765 1547 913 1584 factum
945 1560 1028 1583 esse
1058 1547 1258 1592 novimus,
1301 1559 1337 1583 v.
1370 1545 1418 1582 ad
1449 1543 1590 1581 Bacch.

101 1633 137 1670 p.
173 1619 251 1658 396
285 1624 405 1667 extr„
447 1621 489 1657 in
524 1616 815 1669 „halophanta“
851 1618 960 1656 Curc.
995 1619 1075 1656 462
1107 1618 1252 1655 factum
1285 1630 1368 1654 esse
1400 1620 1591 1653 monstra-

99 1688 290 1739 bimus*).
350 1692 550 1742 Correptae
583 1696 713 1728 autem
751 1691 895 1728 vocalis
937 1704 1055 1739 quum
1086 1689 1340 1727 memorabile
1372 1688 1592 1737 exemplum

101 1768 257 1801 extaret
299 1764 408 1801 Asin.
459 1765 560 1801 331:
633 1764 866 1810 „mercatori
910 1759 1077 1799 Pe11ae0‘²
1137 1762 1178 1798 111
1225 1763 1333 1798 exitu
1379 1761 1594 1809 septenarii

103 1833 305 1882 („Pelleo“
335 1836 486 1886 scripsi,
520 1849 568 1872 ne
593 1835 799 1872 falleretur
820 1831 977 1881 lector),
1011 1835 1311 1870 commemoravi
1335 1833 1375 1869 in
1401 1831 1594 1869 similibus

101 1907 303 1945 vocabulis
335 1909 451 1945 etiam
482 1906 638 1944 Graecos
671 1906 959 1955 diphthongum
991 1907 1189 1955 corripere
1223 1906 1383 1954 eiusque
1414 1905 1473 1940 rei
1505 1917 1594 1940 auc-

101 1983 226 2017 torem
264 1970 429 2017 laudavi‘
464 1978 691 2016 Christium.
755 1978 821 2016 ‚Iis
855 1982 985 2015 autem
1024 1990 1110 2028 quae
1148 1977 1214 2014 ille
1258 1975 1425 2024 (Metrik
1455 1989 1493 2025 p.
1528 1973 1596 2019 20)

104 2051 219 2089 affert
248 2051 437 2101 exemplis
468 2051 583 2088 facile
614 2050 730 2100 plura
761 2050 853 2087 addi
883 2054 1069 2099 possunt,
1111 2050 1220 2086 velut
1259 2061 1345 2098 quae
1378 2047 1596 2085 afferuntur

103 2137 126 2161 a
155 2123 381 2171 Welckero,
423 2122 485 2160 die
515 2122 787 2172 griechischen
816 2121 1066 2171 Tragoedien
1097 2121 1126 2168 I,
1159 2135 1199 2171 p.
1233 2122 1299 2159 76.
1361 2120 1451 2157 Alia
1481 2119 1596 2156 attuli

104 2195 284 2245 exempla
323 2194 471 2232 vocalis
510 2195 551 2231 in
589 2193 724 2231 Graeco
764 2194 919 2230 nomine
967 2194 1113 2243 longae,
1162 2192 1268 2243 apud
1306 2192 1469 2230 Latinos
1515 2203 1596 2227 cor-

104 2270 247 2317 reptae,
288 2268 330 2303 in
358 2267 498 2316 primis
534 2263 752 2312 „schema“.
827 2265 937 2302 Idem
966 2264 1012 2303 fit
1041 2267 1082 2302 in
1117 2262 1380 2312 „orichalco“,
1411 2277 1448 2301 v.
1480 2263 1595 2312 Verg.

105 2338 197 2376 AEn.
228 2337 324 2385 XII,
358 2339 422 2385 87,
457 2338 593 2375 Horat.
624 2338 710 2375 Art.
742 2341 847 2387 poet.
881 2339 986 2384 202,
1017 2350 1107 2374 nam
1138 2337 1315 2386 quamvis
1347 2340 1483 2373 contra
1513 2348 1597 2371 sen-

105 2410 182 2447 tiat
209 2409 425 2457 Bergkius,
471 2409 572 2447 Hist.
604 2409 683 2447 litt.
717 2409 838 2448 Graec.
870 2409 909 2456 I,
942 2424 980 2460 p.
1010 2408 1110 2455 111,
1150 2408 1244 2445 mihi
1274 2420 1508 2458 persuasum
1540 2410 1597 2443 est

107 2480 292 2523 Latinam
322 2481 486 2518 formam
519 2494 541 2517 a
571 2479 726 2528 Graeca,
767 2494 852 2531 quae
886 2487 945 2519 est
976 2481 1201 2531 ὀρείχαλκος,
1242 2479 1461 2516 derivatam
1493 2491 1596 2523 esse3

107 2553 202 2590 item
240 2553 281 2590 in
324 2549 520 2601 „platea“,
553 2566 588 2590 v.
620 2553 709 2590 Aul.
745 2554 844 2600 399,
891 2554 980 2591 Ter.
1012 2552 1135 2590 Andr.
1169 2553 1268 2597 796,
1317 2551 1410 2588 Hor.
1444 2549 1517 2598 Ep.
1550 2549 1599 2595 ΙΙ,

110 2625 146 2670 2,
179 2625 248 2680 71,
275 2624 316 2661 111
349 2622 597 2673 ‚,gynaeceo“,
629 2637 666 2662 v.
697 2625 815 2662 Most.
849 2626 942 2662 743.
977 2626 1070 2662 747.

132 2716 167 2760 ⁸)
203 2717 311 2760 Quod
342 2718 382 2751 in
404 2717 551 2762 Proleg.
577 2729 611 2762 p.
638 2719 704 2752 208
729 2718 841 2752 etiam
872 2718 974 2753 Curc.
1001 2719 1069 2753 430
1094 2717 1220 2760 attuli,
1256 2728 1359 2751 error
1385 2720 1457 2758 est,
1493 2726 1601 2759 quem

202 2774 387 2808 sublatum
412 2774 536 2809 velim.
