1854 3188
233 176 310 238 102
694 182 696 185 ’
899 193 1021 229 Plauti
1460 193 1571 238 1V,4‚
1588 193 1718 229 10—26

228 319 384 361 Nullus
414 318 529 373 frugi
559 333 649 361 esse
680 324 827 374 potest
857 320 996 372 homo,

232 391 326 432 Nisi
358 391 431 444 qui
463 395 506 432 et
535 390 646 432 bene
679 396 720 432 et
752 392 863 433 male
895 391 1038 433 facere
1069 396 1201 433 tenet.

230 462 447 517 Inprobus
479 476 577 504 cum
606 463 800 516 inprobis
833 464 898 514 sit,
931 463 1145 517 harpaget
1177 476 1267 505 omn
1296 462 1478 515 furibus,

230 534 431 586 Fui-etur,
463 534 579 588 quod
610 540 751 588 queat.
1656 547 1722 581 655

231 605 518 660 Uorsipellem
548 606 661 660 frugi
693 608 895 648 conuenit
928 621 1023 648 esse
1054 606 1283 658 hominem,

232 677 390 720 Pectus
423 679 524 732 quoi
557 679 682 732 sapit.
743 678 888 720 Bonus
921 679 978 720 sit
1008 678 1151 731 bonis3
1184 679 1322 721 malus
1355 679 1411 721 sit
1442 679 1586 731 malis3

232 749 292 792 Ut
323 764 653 804 quaequomque
685 765 754 792 res
789 752 856 801 sit,
889 751 951 791 ita
983 751 1172 792 animum
1202 750 1375 792 habeat.

235 820 319 863 Sed
348 822 469 863 lubet
501 823 624 869 scire,
657 827 866 875 quantum
898 836 1052 864 aurum
1082 837 1181 865 erus
1214 822 1295 864 sibi

232 894 428 948 Dempsit
459 899 501 936 et
533 894 638 949 quid
670 908 747 936 suo
778 894 970 936 reddidit
1000 895 1131 949 patri.
1657 908 1725 942 660

233 965 277 1006 Si
307 965 472 1020 frugist,
504 966 736 1008 Herculem
766 966 869 1008 fecit
901 981 951 1007 ex
982 971 1127 1021 patre3

234 1037 470 1079 Decumam
501 1042 670 1092 partem
703 1039 740 1080 ei
772 1039 902 1081 dedit.
937 1039 1019 1080 sibi
1050 1053 1206 1081 nouem
1240 1039 1433 1081 abstulit.

235 1108 319 1150 Sed
352 1124 478 1163 quem
510 1124 685 1163 quaero,
719 1117 891 1164 optume
924 1124 1020 1152 eece
1053 1111 1225 1152 obuiam
1255 1111 1413 1153 mihist.

233 1181 348 1222 Num
379 1182 453 1235 qui
483 1183 647 1223 nummi
679 1183 946 1232 exciderunt,
981 1197 1064 1234 ere,
1096 1183 1189 1234 tibi‚

235 1251 359 1302 Quod
391 1254 453 1295 sic
484 1258 647 1296 terram
678 1255 893 1309 optuere‘?
1659 1265 1725 1298 665

234 1324 346 1375 Quid
376 1339 455 1366 uos
489 1331 675 1368 maestos
707 1331 797 1368 tam
828 1327 1048 1380 tristisque
1081 1328 1335 1382 conspicor?

233 1396 330 1438 Nou
361 1397 505 1452 placet
536 1413 614 1440 nec
645 1403 851 1441 temerest
885 1400 1027 1440 etiam.
1090 1399 1200 1450 Quin
1230 1399 1502 1453 respondetis
1534 1398 1668 1440 mihi?

797 1509 1160 1551 Mnesilochus

236 1578 455 1634 Chrysale,
488 1580 638 1622 occidi.

836 1667 865 1709 C
876 1667 904 1709 h
913 1683 934 1709 r
944 1683 970 1722 y
981 1682 998 1710 s
1013 1668 1099 1710 alu
1112 1683 1130 1710 3

711 1740 933 1782 Fortassis
964 1744 1011 1781 tu
1043 1740 1139 1781 auri
1171 1740 1396 1794 dempsisti
1427 1740 1611 1795 parum?

797 1834 1168 1876 Mnesilochus

238 1904 332 1956 Qui,
364 1906 538 1957 malum,
567 1906 751 1960 parum‘.>
782 1907 911 1948 immo
935 1921 1040 1948 uero
1064 1907 1196 1949 nimio
1224 1908 1363 1948 minus
1394 1907 1528 1949 multo
1561 1921 1726 1961 parum.

839 2015 1127 2071 Chrysalus

239 2084 349 2134 Quid
380 2087 511 2141 igitur
545 2092 599 2139 tu,
634 2088 776 2139 stulte7
810 2089 1012 2143 quoniam
1045 2089 1212 2130 occasio
1238 2089 1293 2130 ad
1319 2103 1414 2130 eam
1437 2103 1526 2130 rem
1549 2087 1633 2130 fuit-
1663 2099 1730 2133 670

236 2158 337 2199 Mea
366 2160 530 2201 uirtute
563 2165 703 2214 parta,
735 2166 783 2202 ut
815 2166 1025 2215 quantum
1055 2161 1189 2202 uelles
1220 2166 1392 2203 tantum
1423 2174 1627 2212 sumeres}

240 2229 309 2271 Sic
340 2230 421 2273 hoc
453 2231 645 2286 digitulis
678 2232 845 2274 duobus
877 2233 1076 2274 sumebas
1108 2233 1399 2287 primoribus?

237 2302 303 2342 An
332 2303 543 2355 nescibas,
577 2318 706 2356 quam
738 2305 968 2363 eiusmodi
992 2305 1157 2346 homini
1181 2316 1279 2346 raro
1305 2310 1475 2359 tempus
1504 2318 1548 2346 se
1576 2303 1727 2346 daret?

802 2407 1168 2450 Mnesilochus

238 2477 383 2520 Erras.

332 2663 398 2696 654
423 2668 573 2708 arpaget
598 2663 739 2699 furibus
837 2665 902 2698 655
928 2675 1004 2698 cum
1029 2664 1253 2698 antecedenti
1275 2665 1396 2707 ‘inussit
1425 2662 1461 2696 B
1549 2663 1616 2696 667
1642 2662 1731 2706 quin

238 2719 329 2753 mihi
367 2720 600 2765 respondetis
632 2721 682 2763 Β7
721 2721 807 2765 quin
845 2720 935 2754 mihi
974 2720 1200 2764 respondeas
1242 2719 1269 2754 C
1397 2720 1462 2753 668
1496 2720 1731 2763 postponitur

236 2778 414 2818 proximo.
509 2778 574 2812 669
601 2777 690 2822 Quia
783 2778 850 2811 670
874 2786 915 2811 tu
941 2787 1004 2811 om.
1100 2778 1165 2810 672
1193 2775 1232 2810 Si
1256 2777 1291 2811 B
1382 2777 1447 2810 673
1473 2775 1662 2809 nesciebas
