1897 3171
242 201 324 240 458
908 197 1060 242 Captim'.

241 326 318 365 Sed
349 327 415 376 qui
455 339 499 363 ea
537 326 584 363 de
624 339 741 363 causa
771 326 869 364 hanc
899 327 1071 364 fabulam
1103 327 1152 364 ad
1183 327 1290 364 aliud
1320 340 1440 376 genus
1470 326 1725 373 referendam,

239 395 457 444 mediaeque
483 397 615 443 potius
646 408 761 444 quam
792 408 903 432 novae
935 395 1130 432 comoediae
1163 393 1493 431 adnumerandam
1523 398 1726 443 putarunt,

241 464 325 500 sine
357 463 476 500 dubio
510 467 702 500 errarunt.
749 463 871 499 Immo
902 464 934 500 si
966 468 1187 511 temporum
1218 466 1330 499 notas
1356 463 1478 499 secuti
1506 458 1726 511 quaerimus,

241 544 316 582 quo
357 530 496 568 saeculo
542 530 753 567 verisimile
801 532 851 567 sit
898 531 977 568 tale
1015 531 1159 567 bellum
1198 529 1318 566 fuisse
1355 530 1457 566 inter
1494 529 1649 567 AEtolos
1690 534 1728 567 et

239 599 367 646 Eleos,
400 612 532 636 rerum
563 600 751 636 memoria
781 612 960 636 maxume
992 598 1042 636 ad
1066 603 1220 647 tempus
1244 602 1334 647 post
1358 597 1574 635 Alexandri
1597 598 1730 646 magni

242 671 394 705 aetatem
426 681 497 704 nos
529 667 654 713 ducit,
689 680 764 716 quo
794 667 1021 704 AEtolorum
1052 666 1176 703 foedus
1208 665 1337 702 subito
1376 679 1550 703 crescens
1581 667 1729 704 vicinos

239 736 409 786 populos
449 737 490 772 vi
528 735 603 772 sibi
642 735 854 782 adiungere
895 734 1119 771 conabatur.
1209 733 1306 771 Tum
1352 733 1469 771 Eleos
1517 735 1729 771 verisimile

242 807 301 841 est
324 803 550 840 AEtolorum
582 805 752 852 impetus
785 804 903 839 armis
935 803 1140 852 repulisse,
1174 815 1410 851 quamquam
1437 801 1554 837 iidem
1578 806 1728 850 postea,

241 885 359 921 quum
390 872 511 908 Arato
553 872 648 908 duce
680 871 910 908 Achaeorum
951 872 1127 920 potentia
1157 874 1281 906 totam
1312 869 1626 919 Peloponnesum
1658 869 1731 906 sibi

240 939 454 987 adiungere
500 938 692 986 studeret,
746 939 974 977 AEtolorum
1027 939 1238 975 amicitiam
1293 942 1331 974 et
1377 938 1600 975 societatem
1649 951 1728 975 am-

241 1008 346 1058 plexi
378 1011 481 1045 sunt.

354 1076 399 1112 111
444 1079 673 1124 argumento
719 1076 821 1112 serio
868 1080 905 1112 et
945 1074 994 1111 ad
1033 1075 1154 1111 risum
1196 1073 1427 1111 movendum
1465 1087 1605 1123 parum
1637 1078 1729 1124 apto

241 1148 376 1180 tamen
416 1157 494 1180 non
535 1143 779 1180 desideratur
816 1156 985 1192 persona
1024 1142 1180 1179 ridiculi
1220 1155 1336 1179 eausa
1367 1143 1545 1188 inventa,
1592 1155 1732 1191 para-

242 1213 378 1249 situs,
441 1211 566 1257 Quum
598 1225 645 1248 ex
676 1211 762 1248 aliis
793 1210 1051 1260 scriptoribus
1082 1217 1164 1247 tum
1199 1223 1245 1246 ex
1276 1213 1386 1247 sexto
1417 1210 1598 1247 Athenaei
1629 1210 1731 1247 libro

242 1281 337 1317 satis
364 1283 523 1325 constat,
558 1280 631 1317 hoc
661 1293 800 1316 nomen
831 1280 993 1329 proprie
1021 1278 1275 1315 honorificum
1300 1278 1420 1315 fuisse
1445 1290 1589 1326 eosque
1614 1278 1732 1327 signi-

241 1347 387 1394 ficasse,
421 1348 488 1396 qui
519 1347 567 1384 ad
599 1347 732 1397 epulas
763 1360 962 1384 sacrorum
992 1346 1241 1395 publicorum
1273 1359 1390 1383 causa
1420 1346 1542 1383 factas
1573 1345 1732 1382 adhibe-

241 1420 395 1461 rentur,
427 1419 567 1465 postea
596 1428 690 1453 vero
723 1428 877 1452 scurras
908 1416 1120 1460 indicasse,
1162 1415 1229 1462 qui
1260 1413 1309 1450 ad
1341 1415 1519 1451 convivia
1551 1413 1732 1450 admitte-

240 1488 391 1529 rentur,
424 1487 468 1520 ut
497 1483 661 1520 ridicule
693 1483 808 1519 dictis
837 1489 877 1519 et
903 1483 1017 1520 factis
1043 1483 1226 1520 convivas
1251 1482 1505 1528 oblectarent,
1537 1495 1732 1531 pauperes

241 1552 323 1589 fere
361 1551 556 1597 homines,
605 1552 671 1600 qui
709 1551 759 1587 ad
797 1551 944 1588 nullam
984 1564 1065 1587 rem
1104 1550 1243 1587 utilem
1282 1550 1381 1598 apti,
1430 1551 1579 1587 ventris
1618 1563 1732 1587 causa

241 1620 396 1669 quidvis
423 1619 547 1656 facere
581 1623 620 1656 et
649 1622 735 1669 pati
765 1621 894 1668 parati
925 1624 1073 1665 essent,
1108 1632 1227 1668 quare
1259 1618 1434 1668 protervi
1466 1618 1732 1655 adulescentes

241 1701 344 1738 saepe
372 1701 448 1724 non
479 1692 557 1724 tam
589 1692 633 1724 ut
663 1688 816 1737 lepores
849 1691 887 1724 et
917 1687 1086 1724 ridicula
1118 1700 1252 1724 eorum
1284 1686 1583 1732 admirarentur,
1617 1699 1734 1735 quam

239 1762 284 1793 ut
314 1755 515 1802 habereut,
549 1755 690 1805 quibus
722 1757 880 1806 impune
912 1755 1127 1792 illuderent
1162 1753 1256 1802 (vid.
1289 1754 1339 1791 ad
1369 1767 1406 1792 V.
1441 1752 1524 1800 88),
1567 1755 1734 1791 convivii

242 1837 306 1861 eos
337 1824 552 1873 participes
585 1823 791 1861 faciebant.
853 1823 1057 1860 Eiusmodi
1090 1823 1314 1860 adulatores
1352 1823 1433 1860 sive
1471 1823 1620 1864 κόλακας
1657 1823 1733 1859 iam

243 1894 404 1941 antiqua
442 1892 628 1928 comoedia
653 1891 879 1940 Epicharmi
906 1896 944 1928 et
968 1891 1175 1941 Eupolidis
1200 1892 1241 1928 in
1265 1904 1420 1928 scenam
1445 1890 1733 1937 introduxerat,

244 1973 409 2010 quorum
455 1961 613 2009 egregia
650 1960 874 2007 fragmenta
914 1959 1124 1997 Athenaeus
1164 1959 1234 2005 VI,
1274 1972 1311 2008 p.
1355 1960 1432 1996 235
1475 1972 1559 2008 sqq.
1600 1958 1732 2004 affert,

243 2028 311 2065 sed
341 2029 608 2077 parasitorum
639 2041 782 2065 nomen
815 2032 853 2064 et
882 2040 1007 2078 prope
1035 2032 1216 2065 constans
1239 2039 1419 2077 persona,
1452 2027 1564 2074 nigro
1589 2026 1733 2076 capillo

242 2097 433 2144 nigroque
465 2099 531 2132 aut
561 2095 670 2144 pullo
701 2096 822 2145 pallio
855 2098 997 2133 amicta
1036 2096 1086 2142 (v.
1120 2095 1268 2132 Polluc.
1301 2094 1366 2141 IV,
1404 2096 1479 2132 119
1514 2100 1551 2131 et
1585 2092 1680 2141 148)
1714 2107 1736 2131 a

243 2163 373 2201 media
412 2163 598 2200 comoedia
635 2165 789 2200 initium
828 2167 931 2213 cepit
973 2167 1011 2201 et
1051 2163 1100 2200 ad
1138 2176 1279 2200 novam
1321 2162 1505 2200 traducta
1543 2166 1614 2199 est.
1675 2162 1735 2199 Ibi

244 2235 375 2269 autem
405 2236 485 2268 tam
517 2231 700 2280 frequens
732 2245 825 2269 usus
857 2233 938 2268 eius
971 2236 1070 2278 erat,
1102 2237 1145 2268 ut
1178 2232 1209 2268 si
1242 2231 1404 2277 abesset,
1438 2231 1560 2278 magis
1591 2231 1735 2267 miran-

245 2300 337 2337 dum
375 2304 494 2345 esset,
543 2313 658 2349 quam
698 2301 729 2336 si
769 2300 933 2337 adesset.
1011 2299 1084 2345 Qui
1129 2300 1251 2348 igitur
1290 2312 1312 2336 a
1351 2298 1526 2348 Captivis
1572 2301 1737 2347 propter

245 2368 464 2417 argumenti
502 2368 736 2417 gravitatem
774 2369 994 2416 parasitum
1032 2381 1108 2404 non
1149 2367 1273 2404 solum
1320 2367 1456 2404 abesse
1497 2366 1734 2412 maluerunt,

245 2435 313 2473 sed
345 2437 464 2472 etiam
495 2449 518 2472 a
549 2434 683 2472 Graeca
723 2435 873 2479 fabula,
921 2435 1024 2472 unde
1058 2436 1231 2472 Romana
1265 2435 1393 2471 efficta
1435 2439 1512 2480 est,
1562 2433 1736 2471 abfuisse

243 2508 447 2554 putarunt,
482 2508 608 2540 totum
631 2503 703 2540 hoc
728 2503 926 2540 comoediae
951 2517 1071 2552 genus
1099 2517 1238 2552 parum
1255 2503 1522 2541 considerasse
1540 2501 1735 2538 videntur.

360 2571 545 2621 Captivos
571 2571 816 2608 Camerarius
842 2572 980 2607 ceteris
1013 2571 1194 2608 omnibus
1219 2571 1352 2608 Plauti
1378 2570 1521 2607 fabulis
1548 2569 1735 2618 praetulit,

246 2640 474 2687 Lessingius
506 2643 635 2676 autem
669 2636 821 2686 (Kritik
845 2639 942 2675 fiber
973 2638 1035 2675 die
1065 2637 1318 2685 Gefangenen
1351 2638 1418 2674 des
1446 2637 1626 2683 Plautus)
1660 2650 1735 2674 om-

246 2709 365 2753 nium,
401 2720 486 2755 quae
517 2720 688 2756 unquam
720 2709 760 2744 in
792 2720 907 2744 scena
937 2711 1032 2743 actae
1064 2710 1166 2751 sunt,
1203 2706 1425 2743 fabularum
1456 2706 1738 2755 praestantissi-

247 2788 348 2811 mam
380 2788 460 2811 esse
500 2777 662 2812 censuit.
735 2774 804 2812 Cui
845 2774 989 2811 iudicio
1023 2787 1140 2823 quum
1173 2774 1288 2810 hodie
1318 2774 1505 2823 perpauci
1537 2772 1736 2819 accedant,
