1897 3171
759 210 801 245 V.
831 213 1021 246 568—593.
1550 218 1630 255 415

138 342 267 391 prima
306 341 457 390 syllaba
492 340 738 391 producitur.
798 340 845 378 H.
887 341 912 378 l.
952 341 1085 379 Herm.
1121 342 1298 390 „Recede
1337 341 1405 380 tu“
1456 344 1628 392 scripsit,

139 410 254 449 Both.
286 410 331 447 R.
363 409 423 447 Fl.
460 407 694 456 „Recedin“.
725 428 782 434 —
810 405 1082 458 propudium,
1115 423 1176 448 res
1206 411 1404 460 pudenda,
1438 425 1510 461 pro
1543 426 1631 449 con-

139 480 241 517 vicio
279 478 452 528 ponitur,
484 491 520 516 v.
553 477 663 515 Curc.
700 478 790 515 190.
836 477 957 514 Poen.
993 479 1085 515 270.
1117 498 1173 503 —-
1206 481 1298 517 578.
1342 477 1416 517 tris
1447 480 1633 517 scribitur

139 547 201 584 hic
233 549 272 584 et
305 547 403 593 649,
445 559 516 583 nec
555 545 744 582 rariorem
782 544 948 583 formam
986 545 1155 583 abiicere
1186 547 1312 594 volui,
1348 548 1392 586 cf.
1426 548 1631 585 Biicheler.

139 615 226 653 Lat.
258 614 507 651 Declination
539 611 560 661 ξ
596 614 695 659 14Ο;
733 610 863 659 „tres“
901 616 1008 650 extat
1037 627 1072 650 v.
1108 615 1201 651 827.
1233 634 1288 640 -·
1320 612 1467 662 Zatmn,
1509 629 1632 665 panes

140 683 243 720 enim
268 684 504 720 rusticorum
530 682 730 719 hominum
756 681 957 718 interdum
990 685 1126 718 tenues
1158 686 1271 720 erant
1302 687 1340 720 et
1363 684 1441 721 late
1468 684 1630 731 diducti,

140 751 275 801 quales
315 751 515 799 Vergilius
555 749 744 787 describit
781 749 913 787 Moret
952 750 1024 787 48:
1085 749 1233 795 „Levat
1278 763 1373 800 opus
1415 752 1632 801 palmisque

140 833 250 856 suum
292 819 435 856 dilatat
474 821 516 856 in
555 817 710 864 orbem,
757 817 809 854 Et
855 820 969 854 notat
1013 819 1214 867 impressis
1255 832 1365 868 aequo
1406 820 1632 857 discrimine

139 885 348 936 quadris“;
381 887 428 924 cf.
455 885 588 924 Senec.
615 885 748 924 Benef.
772 885 837 932 IV,
867 887 930 931 29,
967 887 1001 923 2.
1049 885 1166 923 Mart.
1192 886 1259 934 IX,
1295 889 1359 934 91,
1397 889 1458 925 18.
1507 888 1632 925 Huius

138 956 292 1002 generis
324 954 484 991 fuerunt
515 954 661 992 adorea
691 954 783 1000 liba,
817 967 902 1003 quae
927 954 1063 991 AEneae
1095 956 1210 992 sociis
1240 969 1313 1005 pro
1338 957 1481 993 mensis
1508 960 1630 1003 erant,

139 1024 355 1072 ceterisque
397 1023 560 1060 comesis
609 1026 648 1060 et
693 1023 780 1072 ipsa
817 1022 979 1059 ambesa
1026 1027 1133 1069 sunt,
1174 1023 1265 1061 AEn.
1298 1023 1390 1070 VII,
1437 1023 1511 1061 109
1546 1037 1631 1073 sqq.

138 1110 192 1116 --
225 1092 316 1128 579.
363 1086 522 1139 Ecquis
554 1093 628 1128 etc.
690 1090 800 1137 Haec,
848 1092 880 1127 si
919 1090 1030 1128 codd.
1064 1091 1281 1139 sequimur,
1328 1105 1428 1142 puer
1465 1092 1631 1138 clamat,

137 1159 310 1196 editores
334 1160 509 1209 parasito
541 1161 763 1196 orationem
797 1160 1038 1205 continuant,
1072 1161 1217 1209 quippe
1250 1161 1317 1209 qui
1340 1174 1505 1210 puerum
1529 1173 1633 1197 rece-

137 1226 229 1264 dere
254 1227 407 1275 jubeat,
438 1231 483 1264 ut
513 1228 597 1277 ipse
626 1227 773 1276 pulset.
820 1226 961 1273 Recte3
995 1241 1084 1264 nam
1109 1229 1340 1277 parasitum,
1374 1229 1467 1277 quia
1490 1228 1633 1265 fortius

136 1295 350 1345 pulsasset,
393 1295 578 1343 obiurgat
608 1294 866 1341 Pistoclerus,
906 1309 985 1332 non
1016 1309 1195 1345 puerum.
1257 1293 1320 1333 his
1350 1309 1486 1333 versus
1519 1310 1635 1333 causa

137 1364 268 1401 omisit
290 1363 483 1413 Scaliger3
516 1363 675 1401 Miiller.
706 1362 905 1410 „hauscis“
936 1363 1055 1401 scribi
1086 1363 1236 1410 maluit,
1271 1363 1339 1400 sed
1370 1364 1414 1401 F.
1443 1364 1631 1402 Schmidt.

137 1431 289 1478 docuit,
328 1431 461 1469 Plauti
502 1444 615 1469 usum
663 1428 816 1478 „hisce“
860 1433 1073 1481 requirere.
1106 1452 1160 1456 —
1196 1433 1286 1470 581.
1330 1428 1469 1481 Ecqui
1498 1446 1634 1470 versus

135 1513 252 1537 causa
281 1499 429 1537 Ritsch.
796 1541 799 1543 ,

256 1569 347 1606 582.
381 1565 450 1617 qui
481 1581 600 1617 quum
630 1580 708 1604 non
739 1568 1042 1616 intelligeretur,
1076 1567 1135 1605 ed.
1168 1581 1227 1618 pr.
1266 1566 1443 1616 „Quae“;
1476 1572 1520 1605 ut
1543 1569 1631 1606 Aul.

141 1637 240 1683 6233
288 1635 355 1673 sed
395 1635 547 1685 syllaba
586 1635 708 1672 deest.
770 1635 837 1674 R.:
890 1635 1043 1682 ‚,Quid‘?
1085 1650 1184 1686 quae
1214 1639 1253 1673 te
1287 1635 1406 1674 ...‘?“
1470 1637 1634 1674 Mallem

137 1694 296 1741 saltem:
348 1704 479 1752 „Quae
510 1702 654 1751 nam“;
686 1703 755 1741 sed
785 1706 916 1753 potius
949 1704 1066 1742 credo
1100 1708 1190 1741 ante
1222 1701 1292 1753 qui
1322 1704 1509 1741 excidisse
1543 1701 1633 1743 Pol.

141 1772 236 1819 „Pol
267 1769 360 1822 qui“
395 1772 541 1810 dicitur
570 1775 615 1809 ut
649 1772 726 1820 „At
756 1773 823 1821 pol
855 1771 946 1821 qui“
985 1776 1023 1809 et
1058 1772 1235 1821 „Edepol
1267 1771 1374 1821 qui“,
1409 1773 1456 1809 de
1489 1786 1564 1821 quo
1596 1786 1632 1810 v.

137 1839 187 1877 ad
216 1840 359 1889 Amph.
395 1842 473 1879 698
507 1844 545 1877 et
577 1841 671 1878 769.
710 1859 767 1864 —-
811 1842 903 1878 583.
952 1840 1149 1888 astenses,
1192 1854 1393 1887 exerceas,
1435 1841 1481 1877 cf.
1514 1840 1631 1878 Most.

139 1909 237 1946 584:
275 1908 456 1956 „Uenisti
480 1908 556 1945 huc
580 1912 621 1945 te
655 1907 954 1945 extentatum‘?“
1014 1909 1159 1946 Lucret
1182 1908 1251 1955 III,
1285 1909 1389 1946 490:
1433 1912 1634 1955 „extentat

135 1974 319 2013 neruos“.
351 1996 408 2001 —-
448 1977 540 2014 586.
588 1975 628 2014 Si
665 1989 801 2014 versus
842 1977 996 2024 integer
1037 1980 1115 2025 est,
1158 1977 1294 2014 hiatur
1333 1979 1424 2026 post
1454 1972 1632 2014 Bacchi-

138 2041 238 2082 dem.
272 2044 387 2082 Both.
421 2044 467 2082 R.
499 2044 558 2081 Fl.
597 2042 854 2091 „Ut1·amne“.
888 2063 937 2069 —
975 2045 1066 2082 587.
1111 2040 1265 2082 Paucis
1296 2057 1373 2081 non
1405 2058 1489 2081 cum
1520 2041 1633 2081 misit

133 2112 394 2162 iungendum,
429 2112 498 2150 sed
528 2125 600 2162 per
631 2125 672 2149 se
702 2112 1024 2160 intelligendum:
1072 2110 1246 2150 breviter
1277 2112 1415 2150 dicam.
1453 2131 1500 2137 -
1536 2114 1628 2149 589.

133 2175 302 2227 Εἷαΐθίι,
351 2180 537 2218 Phocidis
589 2180 683 2218 urbs
730 2180 940 2217 Menandri
993 2183 1120 2218 aetate
1166 2181 1262 2218 satis
1308 2180 1471 2227 nobilis,
1520 2181 1628 2217 cuius

133 2249 318 2298 princeps
343 2248 525 2285 Mnaseas
550 2251 589 2285 et
612 2248 874 2298 philosophiae
906 2261 1065 2298 operam
1098 2249 1216 2286 dabat
1248 2252 1286 2286 et
1316 2250 1443 2298 pictas
1474 2248 1629 2284 tabulas

132 2317 285 2364 ingenti
314 2315 483 2366 pecunia
523 2316 689 2354 emebat.
725 2335 773 2340 —
819 2317 909 2354 590.
956 2316 1102 2367 weyato
1143 2327 1232 2355 esse
1268 2314 1424 2354 ‘ituram
1462 2316 1630 2352 forsitan

132 2384 229 2421 ferri
268 2384 413 2434 possit,
459 2397 494 2421 v.
534 2383 688 2433 Proleg.
729 2397 766 2434 p.
813 2385 910 2431 198,
958 2398 1194 2434 quamquam
1235 2384 1358 2421 multo
1404 2383 1541 2419 melior
1585 2381 1629 2419 fit

132 2464 289 2499 versus,
331 2452 362 2488 si
394 2464 479 2488 cum
511 2451 731 2489 Hermanus
763 2461 851 2489 esse
882 2452 1023 2490 deleas.
1083 2452 1322 2490 Ritschelius
1361 2451 1508 2500 partim
1539 2451 1628 2486 Aci-

134 2519 282 2557 dalium
314 2523 470 2556 secutus
508 2524 648 2569 „negat
679 2516 760 2567 se“‚
795 2520 902 2569 quod
933 2521 1019 2557 iure
1051 2521 1250 2571 improbat-
1279 2518 1435 2555 Muller.
1464 2532 1502 2567 p.
1533 2518 1624 2564 645,

133 2587 220 2625 coll.
253 2587 446 2637 Pompon.
478 2600 514 2624 v.
551 2588 647 2624 147:
700 2590 837 2638 „pater
869 2587 1002 2636 adest3
1042 2592 1189 2636 negato
1229 2600 1311 2623 esse
1345 2586 1407 2622 hic
1438 2583 1540 2622 me“.
1573 2605 1627 2609 ——

136 2656 228 2693 591.
261 2651 360 2693 Duc
393 2655 440 2702 te,
472 2655 551 2693 vid.
585 2656 633 2692 ad
663 2655 804 2705 Amph.
842 2657 961 2694 1058.
994 2675 1050 2681 —
1084 2657 1174 2693 592.
1207 2651 1269 2691 At
1304 2651 1393 2691 scin
1425 2663 1557 2702 quam,
1590 2666 1624 2690 v.

133 2722 182 2759 ad
212 2722 354 2773 Amph.
390 2724 482 2761 352.
514 2743 570 2748 --
604 2725 695 2761 593.
742 2721 872 2762 hercle
903 2726 1078 2774 priorem
1111 2722 1296 2770 corripit,
1329 2734 1364 2758 v,
1397 2720 1554 2768 Proleg.
1586 2733 1624 2769 p.

133 2791 226 2830 204.
280 2791 326 2829 R.
360 2794 400 2829 et
428 2791 490 2829 Fl.
521 2792 727 2829 licentius:
764 2791 846 2840 „Ne
876 2792 952 2829 tibi
982 2791 1048 2840 pol
1079 2790 1175 2827 haut
1207 2789 1321 2838 longe
1353 2801 1395 2825 os
1428 2788 1475 2825 ab
1507 2788 1624 2825 infor-
