1897 3171
130 993 384 1058 Curculionis
415 1026 687 1069 argumentum
720 1021 942 1058 huiusmodi
975 1025 1044 1057 est.
1108 1020 1361 1058 Phaedromus
1394 1022 1628 1059 adolescens:

129 1088 323 1138 Epidauri
376 1089 566 1137 virginem
612 1090 835 1126 Planesium
891 1091 1047 1126 nomine
1103 1093 1207 1126 amat
1262 1090 1411 1126 lenonis
1458 1092 1622 1140 imperio

130 1157 356 1204 subiectam,
391 1170 552 1206 eamque
584 1159 753 1194 maximo
787 1171 906 1207 opere
937 1157 1131 1194 redimere
1164 1158 1283 1207 cupit,
1318 1158 1383 1194 sed
1417 1163 1621 1206 argentum

130 1226 251 1263 deest.
326 1224 422 1263 Eius
461 1226 712 1274 comparandi
753 1239 867 1263 causa
908 1227 1123 1275 parasitum
1166 1239 1278 1263 suum
1320 1227 1358 1262 in
1391 1226 1543 1263 Cariam
1577 1229 1622 1263 nd

130 1294 305 1332 sodalem
338 1294 534 1343 quendam
565 1296 701 1332 mittit.
764 1295 807 1331 In
841 1294 955 1331 Caria
987 1298 1126 1340 autem,
1161 1307 1246 1344 quae
1277 1296 1317 1332 in
1349 1296 1489 1344 angulo
1522 1297 1623 1333 Asiae

129 1363 370 1412 prominenti
401 1363 479 1400 sita
509 1367 548 1399 et
578 1363 754 1412 AEgypto
797 1367 836 1400 et
866 1362 1035 1411 Europae
1074 1366 1258 1413 opposita
1290 1368 1366 1410 est,
1409 1364 1487 1400 illis
1528 1369 1622 1401 tem-

129 1431 291 1480 poribus
324 1444 428 1481 saepe
459 1431 720 1468 versabantur
752 1432 897 1468 milites
930 1433 1170 1477 mercenarii,
1205 1432 1251 1469 cf.
1286 1432 1372 1470 Ter.
1402 1431 1501 1470 Eun.
1534 1434 1622 1470 126.

129 1499 270 1549 Itaque
301 1501 500 1550 parasito⁷
549 1513 669 1549 quum
701 1503 907 1548 argentum
940 1500 1087 1537 frustra
1119 1501 1341 1549 quaesisset,
1390 1501 1460 1537 hoc
1492 1505 1623 1537 tamen

131 1569 304 1618 contigit,
336 1572 382 1605 ut
412 1581 434 1604 a
464 1568 591 1605 milite
623 1568 793 1618 quodam
824 1570 1035 1618 pecunioso
1066 1569 1313 1605 invitaretur.
1376 1568 1487 1606 Hunc
1522 1582 1624 1605 com-

128 1639 235 1686 perit
273 1637 466 1686 virginem
503 1637 609 1674 illam
655 1651 677 1674 a
715 1638 854 1674 lenone
895 1638 1032 1673 emisse
1075 1641 1116 1673 et
1156 1639 1234 1674 iam
1274 1638 1311 1673 in
1353 1650 1395 1673 eo
1429 1651 1533 1682 esse,
1580 1640 1624 1674 ut

130 1705 336 1754 epistolam
368 1705 610 1755 Epidaurum
644 1708 779 1743 mittat
811 1705 860 1742 ad
892 1707 1145 1754 trapezitam,
1195 1707 1262 1754 qui
1293 1706 1459 1753 pecunia
1491 1706 1622 1742 lenoni

131 1774 261 1811 soluta
299 1775 493 1823 virginem
525 1774 599 1811 sibi
639 1774 871 1811 mittendam
911 1778 1031 1810 curet.
1093 1775 1229 1822 Itaque
1269 1774 1373 1810 inter
1412 1775 1542 1809 vinum
1585 1777 1624 1810 et

129 1842 254 1879 aleam
287 1842 403 1880 anulo
437 1843 572 1879 militis
610 1845 764 1892 potitus
805 1843 959 1879 domum
991 1846 1202 1891 properat,
1246 1846 1283 1878 et
1316 1841 1522 1890 epistolam
1555 1843 1625 1878 mi-

130 1911 211 1947 litis
249 1912 404 1947 nomine
453 1912 714 1960 conscriptam
761 1913 921 1960 eiusque
967 1911 1083 1947 anulo
1130 1911 1374 1958 obsignatam
1419 1911 1624 1959 trapezitae

128 1979 253 2015 tradit
290 1980 535 2029 pecuniaque
575 1980 705 2017 soluta
746 1981 936 2029 virginem
978 1993 998 2015 a
1037 1980 1176 2016 lenone
1222 1978 1392 2015 abducit.
1469 1979 1626 2015 Interea

128 2047 262 2090 miles,
308 2051 518 2097 postquam
552 2049 858 2085 circumventum
890 2061 930 2084 se
964 2049 1104 2093 sensit,
1147 2049 1206 2084 ira
1236 2048 1419 2084 incensus
1452 2046 1623 2093 advenit,

129 2115 311 2164 malaque
341 2116 466 2153 multa
498 2120 537 2153 et
567 2118 772 2165 trapezitae
806 2120 845 2153 et
874 2117 1005 2153 lenoni
1037 2117 1209 2153 minatur
1241 2119 1279 2152 et
1310 2116 1477 2152 maxime
1508 2128 1622 2165 para-

129 2185 216 2231 sito,
250 2185 317 2233 qui
348 2184 422 2221 sibi
455 2185 614 2221 anulum
649 2185 869 2222 abstulerit.
940 2183 1015 2221 Sed
1048 2184 1221 2220 eiusdem
1254 2184 1359 2221 anuli
1393 2184 1622 2221 testimonio

129 2253 240 2300 virgo
272 2253 398 2302 ipsius
429 2254 565 2290 militis
595 2265 705 2290 soror
746 2265 828 2289 esse
868 2252 1072 2301 probatur.
1150 2252 1211 2290 Sic
1249 2252 1374 2289 turbae
1414 2251 1622 2297 sedantur}

129 2320 353 2357 Planesium
393 2321 624 2358 Phaedromo
663 2321 793 2368 nubit3
840 2321 949 2357 miles
987 2322 1191 2370 pecuniam
1235 2324 1464 2369 recuperat,
1507 2332 1622 2368 quam

128 2389 231 2434 leno,
257 2389 290 2425 si
313 2389 424 2438 virgo
449 2391 623 2436 ingenua
646 2402 731 2425 esse
756 2392 1017 2437 repereretur‚
1045 2389 1294 2425 redditurum
1320 2402 1358 2424 se
1376 2388 1622 2437 promiserat.

244 2456 365 2494 Scena
405 2457 600 2506 Epidauri
647 2458 794 2505 agitur,
843 2457 902 2493 vel
948 2458 1080 2505 potius
1126 2470 1248 2506 prope
1287 2457 1531 2505 Epidaurum
1575 2455 1622 2491 ad

131 2524 350 2573 AEsculapii
380 2524 512 2561 fanum
543 2524 643 2561 illud
676 2525 984 2570 celeberrimum⁷
1028 2539 1062 2562 v,
1095 2526 1155 2565 14,
1186 2526 1278 2561 204.
1315 2525 1405 2570 217,
1440 2523 1503 2560 ubi
1536 2524 1623 2559 leno

130 2593 243 2640 gravi
283 2593 423 2630 morbo
461 2592 646 2630 laborans
685 2593 951 2630 valetudinem
991 2604 1225 2641 recuperare
1267 2590 1411 2628 studet.
1488 2590 1623 2627 Graece

131 2672 207 2709 quo
245 2661 402 2697 nomine
440 2661 574 2698 fabula
612 2662 664 2698 sit
705 2661 922 2710 appellata,
968 2661 1210 2707 ignoramus;
1259 2658 1440 2695 Latinum
1484 2671 1621 2694 nomen

129 2729 254 2765 traxit
285 2742 306 2764 a
335 2730 532 2778 parasito,
581 2733 689 2766 cuius
721 2729 879 2765 fallacia,
918 2733 956 2764 et
988 2727 1124 2764 fraude
1155 2730 1243 2764 tota
1274 2739 1336 2762 res
1369 2727 1509 2772 agitur.
1585 2725 1621 2761 Is

131 2799 260 2832 autem
292 2800 458 2846 propter
489 2797 721 2834 edacitatem
756 2796 987 2833 Curculio
1019 2794 1253 2844 appellatur,
1288 2795 1351 2842 qui
1386 2793 1619 2830 vermiculus
