1897 3171
776 194 817 228 V.
844 195 1032 229 551—563.
1570 199 1651 239 337

159 323 199 360 δὲ
222 325 330 361 λοιπὰ
354 324 442 361 ὄστι’
460 325 504 361 ἔτ’
531 319 570 370 ἦς
593 325 652 361 καὶ
675 324 795 373 δέρμα.
816 343 864 348 -
887 325 979 361 557.
1012 320 1131 362 etiam
1157 324 1327 373 antiquae
1356 324 1456 371 edd.,
1490 324 1647 363 Gruter.

160 394 290 430 minus
305 392 494 430 feliciter:
519 391 618 439 „ei“.
650 392 752 429 Exta
767 394 1026 428 mactatarum
1042 390 1262 428 hostiarum
1280 393 1562 442 inspiciuntur,
1587 393 1649 431 hic

160 471 283 508 agnus
298 463 379 497 tam
404 474 534 497 macer
559 474 642 498 esse
659 460 822 506 dicitur,
854 462 898 496 ut
914 460 954 496 in
972 459 1052 496 sole
1070 459 1151 496 eius
1170 462 1259 496 exta
1277 461 1392 497 etiam
1409 461 1490 497 vivi
1506 462 1649 511 inspici

158 530 330 578 possint3
377 532 504 566 totum
536 529 638 566 enim
668 526 906 577 pellucidum
939 540 1033 564 esse.
1070 524 1201 574 „uiui“
1238 527 1484 565 scribendum
1517 533 1649 566 censet

157 595 389 645 Jorgensen.
411 616 468 622 —-
486 598 578 634 558.
611 593 797 634 lanterna
819 594 863 641 B,
896 607 983 644 quae
1014 597 1184 643 genuina
1214 595 1338 632 forma
1369 609 1451 633 esse
1476 597 1647 643 videtur,

159 677 230 701 nec
254 664 453 701 Prisciano
487 662 568 712 (IV,
599 665 632 710 1,
662 665 697 711 5,
728 677 767 713 p.
789 664 866 700 120
884 658 952 711 Η.)
979 662 1216 700 credendum
1247 676 1269 699 a
1300 663 1472 710 latendo,
1502 665 1606 713 quod
1625 675 1649 702 α

158 731 278 769 breve
307 731 436 779 habet,
467 732 659 769 laternam
691 741 715 769 a
744 731 863 778 longo
893 730 1038 768 dictam
1077 743 1179 776 esse,
1221 744 1256 768 v.
1289 730 1506 778 Bucheler„
1545 732 1648 771 Mus.

158 799 284 838 Rhen.
315 799 458 846 XVIII,
494 801 586 846 393,
622 799 668 837 cf.
694 798 876 837 Schmitz.
902 798 998 836 ibid.
1022 798 1128 844 XIX,
1156 799 1247 836 301.
1295 798 1446 836 Cornea
1471 800 1650 837 lanterna

157 871 487 905 commemoratur
517 866 658 916 Amph.
693 868 795 914 3373
841 867 920 904 alia
950 879 1092 916 genera
1122 866 1227 915 apud
1258 867 1503 916 Marquardt.
1537 867 1651 909 Rom.

157 935 367 973 Privatalt.
398 935 449 982 ΙΙ,
482 948 519 985 p.
554 936 651 982 303;
700 930 859 972 Punica
890 935 1015 984 qualis
1046 930 1181 981 fuerit,
1214 935 1446 982 ignoratur,
1484 936 1650 973 vitream

158 1002 278 1040 fuisse
308 1004 556 1053 suspicantur
579 1002 697 1040 Weis.
722 1006 761 1039 et
785 1001 970 1050 Wagner.
1001 1022 1058 1027 —
1091 1003 1182 1040 559.
1221 1002 1330 1048 „Non
1356 1015 1452 1052 opus
1479 1002 1562 1041 est“
1591 1017 1651 1040 re·

158 1070 329 1120 spondet
359 1070 597 1121 Megadorus
634 1071 736 1116 „vivi
767 1074 856 1107 exta
881 1071 1097 1120 inspicere;
1136 1069 1442 1109 immolabitur“.
1498 1071 1649 1109 Nonius

159 1152 198 1188 p.
233 1140 333 1176 272:
385 1136 587 1186 „eaede7⁴e,
626 1138 839 1185 immolare,
878 1138 1042 1175 Plautus
1080 1139 1119 1175 in
1149 1139 1376 1175 Aulularia:
1412 1139 1651 1176 caedendum

159 1206 331 1244 conduxi
348 1220 418 1256 ego
434 1205 585 1254 illum‘³,
617 1210 706 1255 etp.
728 1207 826 1243 274:
865 1204 1123 1254 „conducere,
1157 1206 1326 1253 emere“,
1360 1207 1494 1243 iisdem
1521 1207 1650 1244 verbis

157 1274 297 1312 eodem
328 1275 464 1312 ordine
495 1275 649 1321 citatis,
680 1275 874 1311 veriorem
906 1273 1083 1311 ordinem
1116 1275 1364 1311 retinuerunt
1396 1275 1508 1312 codd.
1535 1275 1651 1313 Plau-

156 1343 245 1381 tini.
320 1342 397 1381 Sed
435 1347 540 1380 recte
581 1342 879 1389 animadvertit,
927 1339 1150 1380 concluoere
1192 1342 1352 1379 insolito
1398 1342 1513 1380 modo
1561 1343 1649 1389 dici,

158 1424 246 1448 nam
287 1410 525 1458 Megadorus
564 1411 724 1461 proprie
763 1423 842 1447 non
880 1421 1023 1458 agnum
1062 1409 1287 1446 caedendum
1327 1410 1534 1457 conduxit,
1584 1411 1652 1448 sed

158 1491 326 1528 coquum
362 1478 412 1516 ad
452 1491 595 1527 agnum
628 1478 866 1524 caedendum,
900 1491 943 1515 ac
975 1477 1189 1515 Lambinus
1229 1478 1387 1527 quidem
1421 1479 1538 1515 etiam
1574 1479 1650 1525 „lo-

158 1544 270 1584 caui“
315 1546 570 1584 substitutum
609 1546 752 1592 voluit,
793 1547 840 1584 cf.
873 1545 984 1596 Capt.
1019 1546 1111 1583 813.
1186 1545 1309 1582 Immo
1340 1546 1534 1593 notanda,
1581 1545 1652 1583 sed

159 1614 421 1664 relinquenda
459 1618 518 1651 est
558 1615 799 1664 negligentia
838 1614 1039 1651 sermonis.
1080 1633 1134 1638 ——
1180 1614 1391 1662 Optumum
1430 1615 1511 1663 est,
1559 1615 1651 1652 olim

159 1683 428 1730 emendatum,
462 1683 507 1720 ef.
541 1682 589 1719 ad
620 1683 730 1720 Asin.
763 1683 857 1719 445.
889 1701 944 1706 —
977 1683 1068 1719 560.
1101 1678 1184 1719 iam
1214 1682 1404 1727 mortuus
1443 1683 1515 1731 est,
1548 1683 1651 1719 fame

159 1754 199 1788 et
229 1752 375 1801 inopia.
407 1771 458 1776 -
491 1751 582 1788 561.
615 1750 707 1787 Post
737 1747 856 1787 hodie
885 1750 1015 1786 hiatus
1046 1752 1087 1787 in
1119 1762 1276 1787 caesura.
1338 1749 1456 1787 Varia
1488 1753 1651 1787 conatur

158 1818 316 1856 Muller.
340 1833 378 1869 p.
407 1819 507 1866 6963
538 1818 687 1856 Ritsch.
719 1818 827 1855 Neue
858 1817 951 1855 Exc.
984 1817 1014 1863 I,
1047 1831 1085 1867 p.
1111 1819 1182 1855 89:
1229 1816 1435 1865 „hodied.“
1471 1817 1649 1867 Seyffert.

159 1885 271 1925 Stud.
300 1886 428 1924 Plaut.
462 1900 500 1936 p.
538 1887 560 1923 8
599 1886 671 1933 „ad
703 1887 764 1923 te“
800 1885 982 1923 addebat.
1023 1906 1078 1911 -
1126 1887 1217 1923 562.
1264 1885 1522 1936 Megadorus,
1570 1886 1651 1923 sive

159 1954 378 1992 festivitate
416 1955 562 2004 leporis
594 1954 812 1992 delectatus
852 1955 933 1990 sive
970 1957 1015 1991 ut
1054 1965 1199 2001 aegrum
1239 1954 1438 1991 Euclionis
1480 1955 1652 1991 animum

161 2022 351 2069 deleniat,
394 2036 482 2059 eum
520 2022 569 2059 ad
600 2022 816 2072 potandum
846 2023 1010 2070 invitat3
1055 2022 1123 2059 illo
1156 2035 1248 2059 vero
1278 2021 1443 2059 insidias
1474 2025 1651 2059 metuens

160 2090 310 2128 abnuit.
371 2090 447 2128 Sed
478 2093 675 2140 scriptura
705 2103 840 2128 versus
870 2104 1009 2140 parum
1043 2094 1148 2127 certa
1180 2094 1250 2128 est.
1301 2089 1562 2127 Numerorum
1594 2091 1653 2126 in-

159 2158 383 2205 commoda,
432 2168 504 2208 690
543 2158 737 2207 producta
781 2159 922 2195 ultima
966 2158 1017 2205 (v.
1057 2157 1211 2205 Proleg.
1259 2171 1297 2207 p.
1343 2153 1438 2207 195)
1494 2163 1533 2195 et
1569 2157 1652 2194 hia-

158 2229 222 2263 tus
261 2229 351 2276 post
395 2223 544 2273 hercle,
591 2226 759 2264 forsitan
797 2226 892 2262 ferri
931 2226 1101 2275 possint3
1148 2226 1215 2263 sed
1256 2223 1356 2264 Non
1396 2226 1537 2274 potem
1580 2237 1652 2275 pro

165 2298 325 2343 „potare
348 2292 493 2332 nolim“
522 2296 590 2332 vix
620 2298 679 2331 est
710 2294 910 2331 Latinum.
957 2293 1114 2331 Muller.
1145 2295 1373 2344 proposuit:
1412 2293 1522 2340 „Non
1552 2296 1647 2343 poto

159 2364 287 2399 tecum
317 2362 448 2399 hercle
480 2374 551 2411 ego
582 2359 789 2412 quidem“;
823 2373 894 2409 ego
925 2361 1174 2410 Seyffertium
1208 2359 1336 2409 (stud.
1355 2361 1379 2399 l.
1399 2359 1443 2408 l.)
1478 2367 1649 2405 secutus,

160 2427 272 2479 quod
301 2433 339 2466 et
368 2426 493 2468 habeo
524 2430 672 2468 addidi.
699 2450 755 2455 —-
779 2427 952 2478 iussero,
984 2429 1138 2477 iubebo,
1166 2443 1202 2467 v.
1228 2429 1360 2466 Madv.
1380 2428 1445 2466 Gr.
1464 2428 1552 2465 Lat.
1573 2428 1651 2465 340

161 2502 244 2535 not.
278 2498 315 2535 4.
369 2497 520 2545 Holtz.,
563 2498 723 2547 Syntax.
755 2498 873 2548 prisc.
906 2511 979 2535 scr.
1004 2498 1072 2535 lat.
1100 2498 1149 2545 II,
1181 2511 1220 2547 p.
1250 2499 1301 2535 8ss
1334 2509 1404 2545 sq.‚
1438 2495 1484 2532 cf.
1512 2494 1650 2532 Bacch.

162 2564 257 2603 770.
304 2564 415 2615 Capt.
451 2567 543 2604 313.
579 2567 670 2604 340.
704 2565 803 2603 494:
841 2567 921 2613 „sic
954 2564 1111 2614 egero“.
1144 2584 1198 2590 —-
1231 2565 1323 2601 563.
1356 2572 1487 2600 unum
1517 2562 1653 2598 abesse

161 2634 303 2682 potuit,
338 2633 384 2671 of.
402 2633 490 2671 Ter.
508 2633 632 2671 Andr.
655 2634 753 2671 118:
790 2633 915 2681 „forte
940 2646 1059 2671 unam
1085 2633 1259 2681 adspicio
1290 2627 1648 2668 adulescentulam⁴⁴

163 2703 203 2737 et
232 2700 375 2739 Donat.
416 2701 466 2738 ad
505 2714 591 2738 eum
630 2701 772 2739 locum.
848 2701 975 2738 Plaut.
1007 2699 1124 2750 Epid.
1157 2701 1256 2736 445:
1309 2710 1453 2744 „unum
1490 2709 1650 2746 quaero,

161 2780 266 2805 meas
292 2766 367 2816 (sc.
398 2768 565 2819 pugnas)
607 2769 700 2818 quoi
740 2765 1004 2818 praedicem“.
1076 2767 1194 2804 Most.
1227 2767 1333 2803 967:
1393 2763 1526 2811 „Unus
1564 2764 1654 2801 istic

1341 2840 1384 2872 22
