<?xml version="1.0" encoding="UTF-8"?>
<!DOCTYPE html PUBLIC "-//W3C//DTD XHTML 1.0 Transitional//EN"
    "http://www.w3.org/TR/xhtml1/DTD/xhtml1-transitional.dtd">
<html xmlns="http://www.w3.org/1999/xhtml" xml:lang="en" lang="en">
 <head>
  <title>
</title>
<meta http-equiv="Content-Type" content="text/html;charset=utf-8" />
  <meta name='ocr-system' content='tesseract 3.04.00' />
  <meta name='ocr-capabilities' content='ocr_page ocr_carea ocr_par ocr_line ocrx_word'/>
</head>
<body>
  <div class='ocr_page' id='page_1' title='image "./comoediaerecensu02plauuoft_0428.png"; bbox 0 0 1897 3171; ppageno 0'>
   <div class='ocr_carea' id='block_1_1' title="bbox 243 192 1094 236">
    <p class='ocr_par' dir='ltr' id='par_1_1' title="bbox 243 192 1094 236">
     <span class='ocr_line' id='line_1_1' title="bbox 243 192 1094 236; baseline 0.002 -11"><span class='ocrx_word' id='word_1_1' title='bbox 243 197 326 236; x_wconf 76' lang='lat'>408</span> <span class='ocrx_word' id='word_1_2' title='bbox 878 192 1094 228; x_wconf 82' lang='lat' dir='ltr'>Bacchides.</span> 
     </span>
    </p>
   </div>
   <div class='ocr_carea' id='block_1_2' title="bbox 242 319 1737 1119">
    <p class='ocr_par' dir='ltr' id='par_1_2' title="bbox 242 319 1737 1119">
     <span class='ocr_line' id='line_1_2' title="bbox 244 319 1734 372; baseline 0.002 -13"><span class='ocrx_word' id='word_1_3' title='bbox 244 322 414 368; x_wconf 88' lang='lat' dir='ltr'>diaeresi,</span> <span class='ocrx_word' id='word_1_4' title='bbox 460 321 506 359; x_wconf 88' lang='lat' dir='ltr'>R.</span> <span class='ocrx_word' id='word_1_5' title='bbox 544 319 679 369; x_wconf 84' lang='lat' dir='ltr'>.,huic“</span> <span class='ocrx_word' id='word_1_6' title='bbox 715 322 844 369; x_wconf 76' lang='lat' dir='ltr'>addit3</span> <span class='ocrx_word' id='word_1_7' title='bbox 891 323 969 360; x_wconf 85' lang='lat' dir='ltr'>alia</span> <span class='ocrx_word' id='word_1_8' title='bbox 1007 322 1164 360; x_wconf 73' lang='lat' dir='ltr'>Miiller.</span> <span class='ocrx_word' id='word_1_9' title='bbox 1202 336 1241 372; x_wconf 91' lang='lat' dir='ltr'>p.</span> <span class='ocrx_word' id='word_1_10' title='bbox 1287 321 1377 360; x_wconf 90' lang='lat'>550.</span> <span class='ocrx_word' id='word_1_11' title='bbox 1423 344 1479 349; x_wconf 87' lang='lat'><strong>—</strong></span> <span class='ocrx_word' id='word_1_12' title='bbox 1524 325 1734 363; x_wconf 87' lang='lat'>460—61.</span> 
     </span>
     <span class='ocr_line' id='line_1_3' title="bbox 244 389 1734 441; baseline 0.003 -16"><span class='ocrx_word' id='word_1_13' title='bbox 244 389 294 426; x_wconf 92' lang='lat' dir='ltr'>Hi</span> <span class='ocrx_word' id='word_1_14' title='bbox 339 402 474 426; x_wconf 84' lang='lat' dir='ltr'>versus</span> <span class='ocrx_word' id='word_1_15' title='bbox 520 392 560 426; x_wconf 89' lang='lat' dir='ltr'>in</span> <span class='ocrx_word' id='word_1_16' title='bbox 606 390 719 428; x_wconf 87' lang='lat' dir='ltr'>codd.</span> <span class='ocrx_word' id='word_1_17' title='bbox 759 390 909 428; x_wconf 89' lang='lat' dir='ltr'>duobus</span> <span class='ocrx_word' id='word_1_18' title='bbox 949 391 1138 441; x_wconf 82' lang='lat' dir='ltr'>proximis</span> <span class='ocrx_word' id='word_1_19' title='bbox 1178 393 1493 439; x_wconf 73' lang='lat' dir='ltr'>postponuntur,</span> <span class='ocrx_word' id='word_1_20' title='bbox 1540 392 1608 429; x_wconf 87' lang='lat' dir='ltr'>sed</span> <span class='ocrx_word' id='word_1_21' title='bbox 1653 395 1734 430; x_wconf 86' lang='lat' dir='ltr'>tam</span> 
     </span>
     <span class='ocr_line' id='line_1_4' title="bbox 244 457 1734 506; baseline 0.003 -13"><span class='ocrx_word' id='word_1_22' title='bbox 244 457 345 494; x_wconf 85' lang='lat' dir='ltr'>male</span> <span class='ocrx_word' id='word_1_23' title='bbox 377 458 656 495; x_wconf 85' lang='lat' dir='ltr'>continuantnr</span> <span class='ocrx_word' id='word_1_24' title='bbox 695 460 917 501; x_wconf 75' lang='lat' dir='ltr'>sententiae,</span> <span class='ocrx_word' id='word_1_25' title='bbox 959 462 1004 495; x_wconf 89' lang='lat' dir='ltr'>ut</span> <span class='ocrx_word' id='word_1_26' title='bbox 1035 458 1198 495; x_wconf 84' lang='lat' dir='ltr'>Guietus</span> <span class='ocrx_word' id='word_1_27' title='bbox 1236 459 1390 506; x_wconf 82' lang='lat' dir='ltr'>spurios</span> <span class='ocrx_word' id='word_1_28' title='bbox 1431 473 1498 496; x_wconf 87' lang='lat' dir='ltr'>eos</span> <span class='ocrx_word' id='word_1_29' title='bbox 1538 460 1734 498; x_wconf 85' lang='lat' dir='ltr'>habuerit.</span> 
     </span>
     <span class='ocr_line' id='line_1_5' title="bbox 243 524 1734 576; baseline 0.001 -14"><span class='ocrx_word' id='word_1_30' title='bbox 243 524 483 562; x_wconf 87' lang='lat' dir='ltr'>Ribbeckius</span> <span class='ocrx_word' id='word_1_31' title='bbox 513 527 553 563; x_wconf 90' lang='lat' dir='ltr'>in</span> <span class='ocrx_word' id='word_1_32' title='bbox 583 526 731 564; x_wconf 87' lang='lat' dir='ltr'>Ritsch.</span> <span class='ocrx_word' id='word_1_33' title='bbox 763 527 872 576; x_wconf 89' lang='lat' dir='ltr'>praef.</span> <span class='ocrx_word' id='word_1_34' title='bbox 907 526 957 563; x_wconf 82' lang='lat' dir='ltr'>ad</span> <span class='ocrx_word' id='word_1_35' title='bbox 988 526 1161 563; x_wconf 88' lang='lat' dir='ltr'>Stichum</span> <span class='ocrx_word' id='word_1_36' title='bbox 1193 539 1232 575; x_wconf 88' lang='lat' dir='ltr'>p.</span> <span class='ocrx_word' id='word_1_37' title='bbox 1256 525 1389 563; x_wconf 85' lang='lat' dir='ltr'>XVIII</span> <span class='ocrx_word' id='word_1_38' title='bbox 1419 527 1734 576; x_wconf 87' lang='lat' dir='ltr'>transponendos</span> 
     </span>
     <span class='ocr_line' id='line_1_6' title="bbox 244 590 1736 644; baseline 0.002 -15"><span class='ocrx_word' id='word_1_39' title='bbox 244 593 452 639; x_wconf 77' lang='lat' dir='ltr'>intellexit,</span> <span class='ocrx_word' id='word_1_40' title='bbox 487 607 530 630; x_wconf 86' lang='lat' dir='ltr'>ac</span> <span class='ocrx_word' id='word_1_41' title='bbox 559 596 694 643; x_wconf 90' lang='lat' dir='ltr'>posuit</span> <span class='ocrx_word' id='word_1_42' title='bbox 725 598 816 644; x_wconf 86' lang='lat' dir='ltr'>post</span> <span class='ocrx_word' id='word_1_43' title='bbox 846 609 881 632; x_wconf 83' lang='lat' dir='ltr'>v.</span> <span class='ocrx_word' id='word_1_44' title='bbox 916 595 1008 640; x_wconf 99' lang='lat'>456,</span> <span class='ocrx_word' id='word_1_45' title='bbox 1042 594 1109 631; x_wconf 90' lang='lat' dir='ltr'>sed</span> <span class='ocrx_word' id='word_1_46' title='bbox 1142 595 1198 630; x_wconf 87' lang='lat' dir='ltr'>ita</span> <span class='ocrx_word' id='word_1_47' title='bbox 1228 597 1272 630; x_wconf 88' lang='lat' dir='ltr'>ut</span> <span class='ocrx_word' id='word_1_48' title='bbox 1302 590 1416 633; x_wconf 80' lang='lat' dir='ltr'>Nam</span> <span class='ocrx_word' id='word_1_49' title='bbox 1447 596 1660 641; x_wconf 87' lang='lat' dir='ltr'>omitteret,</span> <span class='ocrx_word' id='word_1_50' title='bbox 1694 597 1736 632; x_wconf 80' lang='lat' dir='ltr'>et</span> 
     </span>
     <span class='ocr_line' id='line_1_7' title="bbox 242 661 1736 711; baseline 0.003 -15"><span class='ocrx_word' id='word_1_51' title='bbox 242 665 333 710; x_wconf 88' lang='lat' dir='ltr'>post</span> <span class='ocrx_word' id='word_1_52' title='bbox 356 661 519 697; x_wconf 85' lang='lat' dir='ltr'>alterum</span> <span class='ocrx_word' id='word_1_53' title='bbox 545 675 699 699; x_wconf 87' lang='lat' dir='ltr'>versum</span> <span class='ocrx_word' id='word_1_54' title='bbox 726 663 915 700; x_wconf 81' lang='lat' dir='ltr'>excidisse</span> <span class='ocrx_word' id='word_1_55' title='bbox 948 662 1097 711; x_wconf 81' lang='lat' dir='ltr'>aliquid</span> <span class='ocrx_word' id='word_1_56' title='bbox 1121 665 1280 710; x_wconf 86' lang='lat' dir='ltr'>putaret</span> <span class='ocrx_word' id='word_1_57' title='bbox 1301 662 1427 700; x_wconf 82' lang='lat' dir='ltr'>velut:</span> <span class='ocrx_word' id='word_1_58' title='bbox 1460 662 1531 699; x_wconf 89' lang='lat' dir='ltr'>Pol</span> <span class='ocrx_word' id='word_1_59' title='bbox 1555 663 1736 711; x_wconf 84' lang='lat' dir='ltr'>profecto</span> 
     </span>
     <span class='ocr_line' id='line_1_8' title="bbox 244 729 1735 780; baseline 0.001 -14"><span class='ocrx_word' id='word_1_60' title='bbox 244 729 291 766; x_wconf 84' lang='lat' dir='ltr'>ab</span> <span class='ocrx_word' id='word_1_61' title='bbox 335 729 582 766; x_wconf 79' lang='lat' dir='ltr'>adulescente</span> <span class='ocrx_word' id='word_1_62' title='bbox 625 734 811 778; x_wconf 87' lang='lat' dir='ltr'>quantum</span> <span class='ocrx_word' id='word_1_63' title='bbox 854 730 1081 767; x_wconf 71' lang='lat' dir='ltr'>adulescens</span> <span class='ocrx_word' id='word_1_64' title='bbox 1123 730 1339 780; x_wconf 74' lang='lat' dir='ltr'>discrepat!</span> <span class='ocrx_word' id='word_1_65' title='bbox 1402 730 1484 776; x_wconf 79' lang='lat' dir='ltr'>Quo</span> <span class='ocrx_word' id='word_1_66' title='bbox 1530 731 1617 767; x_wconf 93' lang='lat' dir='ltr'>loco</span> <span class='ocrx_word' id='word_1_67' title='bbox 1662 743 1735 767; x_wconf 87' lang='lat' dir='ltr'>nos</span> 
     </span>
     <span class='ocr_line' id='line_1_9' title="bbox 243 798 1737 847; baseline 0.001 -14"><span class='ocrx_word' id='word_1_68' title='bbox 243 798 455 846; x_wconf 88' lang='lat' dir='ltr'>posuimus,</span> <span class='ocrx_word' id='word_1_69' title='bbox 488 811 558 834; x_wconf 86' lang='lat' dir='ltr'>nec</span> <span class='ocrx_word' id='word_1_70' title='bbox 586 799 795 835; x_wconf 90' lang='lat' dir='ltr'>omissione</span> <span class='ocrx_word' id='word_1_71' title='bbox 819 812 890 835; x_wconf 89' lang='lat' dir='ltr'>nec</span> <span class='ocrx_word' id='word_1_72' title='bbox 921 798 1121 835; x_wconf 86' lang='lat' dir='ltr'>additione</span> <span class='ocrx_word' id='word_1_73' title='bbox 1154 811 1252 846; x_wconf 86' lang='lat' dir='ltr'>opus</span> <span class='ocrx_word' id='word_1_74' title='bbox 1284 802 1353 836; x_wconf 83' lang='lat' dir='ltr'>est.</span> <span class='ocrx_word' id='word_1_75' title='bbox 1414 798 1549 847; x_wconf 86' lang='lat' dir='ltr'>Lydus</span> <span class='ocrx_word' id='word_1_76' title='bbox 1580 798 1737 835; x_wconf 87' lang='lat' dir='ltr'>alumno</span> 
     </span>
     <span class='ocr_line' id='line_1_10' title="bbox 244 865 1737 915; baseline 0.001 -14"><span class='ocrx_word' id='word_1_77' title='bbox 244 878 312 902; x_wconf 87' lang='lat' dir='ltr'>suo</span> <span class='ocrx_word' id='word_1_78' title='bbox 337 867 470 914; x_wconf 87' lang='lat' dir='ltr'>potius</span> <span class='ocrx_word' id='word_1_79' title='bbox 497 866 640 902; x_wconf 81' lang='lat' dir='ltr'>malum</span> <span class='ocrx_word' id='word_1_80' title='bbox 667 879 781 914; x_wconf 84' lang='lat' dir='ltr'>quam</span> <span class='ocrx_word' id='word_1_81' title='bbox 807 879 889 902; x_wconf 87' lang='lat' dir='ltr'>rem</span> <span class='ocrx_word' id='word_1_82' title='bbox 913 866 1143 902; x_wconf 80' lang='lat' dir='ltr'>familiarem</span> <span class='ocrx_word' id='word_1_83' title='bbox 1170 865 1275 902; x_wconf 86' lang='lat' dir='ltr'>credi</span> <span class='ocrx_word' id='word_1_84' title='bbox 1299 879 1414 914; x_wconf 86' lang='lat' dir='ltr'>posse</span> <span class='ocrx_word' id='word_1_85' title='bbox 1432 866 1544 912; x_wconf 84' lang='lat' dir='ltr'>dicit;</span> <span class='ocrx_word' id='word_1_86' title='bbox 1563 875 1737 915; x_wconf 72' lang='lat' dir='ltr'>promp-</span> 
     </span>
     <span class='ocr_line' id='line_1_11' title="bbox 246 933 1734 983; baseline 0.001 -13"><span class='ocrx_word' id='word_1_87' title='bbox 246 933 332 970; x_wconf 70' lang='lat' dir='ltr'>tare</span> <span class='ocrx_word' id='word_1_88' title='bbox 363 937 421 969; x_wconf 88' lang='lat' dir='ltr'>est</span> <span class='ocrx_word' id='word_1_89' title='bbox 453 934 597 982; x_wconf 89' lang='lat' dir='ltr'>saepius</span> <span class='ocrx_word' id='word_1_90' title='bbox 632 946 824 982; x_wconf 84' lang='lat' dir='ltr'>promere,</span> <span class='ocrx_word' id='word_1_91' title='bbox 864 947 1044 983; x_wconf 84' lang='lat' dir='ltr'>promum</span> <span class='ocrx_word' id='word_1_92' title='bbox 1077 947 1162 970; x_wconf 88' lang='lat' dir='ltr'>esse</span> <span class='ocrx_word' id='word_1_93' title='bbox 1195 935 1251 970; x_wconf 86' lang='lat' dir='ltr'>rei</span> <span class='ocrx_word' id='word_1_94' title='bbox 1284 934 1467 981; x_wconf 88' lang='lat' dir='ltr'>alicuius,</span> <span class='ocrx_word' id='word_1_95' title='bbox 1514 934 1559 971; x_wconf 80' lang='lat' dir='ltr'>ct.</span> <span class='ocrx_word' id='word_1_96' title='bbox 1593 934 1734 972; x_wconf 83' lang='lat' dir='ltr'>Pseud.</span> 
     </span>
     <span class='ocr_line' id='line_1_12' title="bbox 246 1001 1735 1051; baseline 0.001 -14"><span class='ocrx_word' id='word_1_97' title='bbox 246 1001 324 1038; x_wconf 86' lang='lat'>630</span> <span class='ocrx_word' id='word_1_98' title='bbox 344 1014 420 1049; x_wconf 70' lang='lat' dir='ltr'>sq.:</span> <span class='ocrx_word' id='word_1_99' title='bbox 459 1002 559 1047; x_wconf 75' lang='lat' dir='ltr'>„Res</span> <span class='ocrx_word' id='word_1_100' title='bbox 578 1002 830 1051; x_wconf 71' lang='lat' dir='ltr'>rationesque</span> <span class='ocrx_word' id='word_1_101' title='bbox 848 1003 903 1038; x_wconf 88' lang='lat' dir='ltr'>eri</span> <span class='ocrx_word' id='word_1_102' title='bbox 921 1002 1110 1038; x_wconf 88' lang='lat' dir='ltr'>Ballionis</span> <span class='ocrx_word' id='word_1_103' title='bbox 1135 1015 1239 1047; x_wconf 86' lang='lat' dir='ltr'>curo,</span> <span class='ocrx_word' id='word_1_104' title='bbox 1273 1006 1479 1049; x_wconf 83' lang='lat' dir='ltr'>argentum</span> <span class='ocrx_word' id='word_1_105' title='bbox 1506 1005 1666 1051; x_wconf 84' lang='lat' dir='ltr'>accepto</span> <span class='ocrx_word' id='word_1_106' title='bbox 1683 1005 1735 1049; x_wconf 67' lang='lat' dir='ltr'>et.</span> 
     </span>
     <span class='ocr_line' id='line_1_13' title="bbox 244 1068 1736 1119; baseline 0.002 -15"><span class='ocrx_word' id='word_1_107' title='bbox 244 1069 335 1118; x_wconf 90' lang='lat' dir='ltr'>quoi</span> <span class='ocrx_word' id='word_1_108' title='bbox 360 1068 489 1115; x_wconf 89' lang='lat' dir='ltr'>debet,</span> <span class='ocrx_word' id='word_1_109' title='bbox 517 1069 618 1105; x_wconf 83' lang='lat' dir='ltr'>dato.</span> <span class='ocrx_word' id='word_1_110' title='bbox 667 1069 751 1106; x_wconf 81' lang='lat' dir='ltr'>HA.</span> <span class='ocrx_word' id='word_1_111' title='bbox 785 1070 825 1107; x_wconf 88' lang='lat' dir='ltr'>Si</span> <span class='ocrx_word' id='word_1_112' title='bbox 854 1070 1011 1118; x_wconf 84' lang='lat' dir='ltr'>quidem</span> <span class='ocrx_word' id='word_1_113' title='bbox 1037 1070 1166 1107; x_wconf 90' lang='lat' dir='ltr'>hercle</span> <span class='ocrx_word' id='word_1_114' title='bbox 1190 1071 1309 1106; x_wconf 84' lang='lat' dir='ltr'>etiam</span> <span class='ocrx_word' id='word_1_115' title='bbox 1334 1071 1505 1118; x_wconf 87' lang='lat' dir='ltr'>supremi</span> <span class='ocrx_word' id='word_1_116' title='bbox 1531 1073 1736 1119; x_wconf 81' lang='lat' dir='ltr'>proinptes</span> 
     </span>
    </p>
   </div>
   <div class='ocr_carea' id='block_1_3' title="bbox 243 1136 1735 1320">
    <p class='ocr_par' dir='ltr' id='par_1_3' title="bbox 243 1136 1735 1320">
     <span class='ocr_line' id='line_1_14' title="bbox 243 1136 1735 1186; baseline 0.002 -14"><span class='ocrx_word' id='word_1_117' title='bbox 243 1136 476 1173; x_wconf 76' lang='lat' dir='ltr'>thensauros</span> <span class='ocrx_word' id='word_1_118' title='bbox 515 1138 636 1182; x_wconf 83' lang='lat' dir='ltr'>Iovis,</span> <span class='ocrx_word' id='word_1_119' title='bbox 685 1137 773 1174; x_wconf 87' lang='lat' dir='ltr'>Tibi</span> <span class='ocrx_word' id='word_1_120' title='bbox 816 1138 991 1174; x_wconf 79' lang='lat' dir='ltr'>libellam</span> <span class='ocrx_word' id='word_1_121' title='bbox 1035 1151 1248 1186; x_wconf 85' lang='lat' dir='ltr'>numquam</span> <span class='ocrx_word' id='word_1_122' title='bbox 1295 1136 1492 1175; x_wconf 70' lang='lat' dir='ltr'>creda1n“.</span> <span class='ocrx_word' id='word_1_123' title='bbox 1539 1157 1594 1162; x_wconf 89' lang='grc'>-</span> <span class='ocrx_word' id='word_1_124' title='bbox 1640 1138 1735 1176; x_wconf 81' lang='grc'><strong>462.</strong></span> 
     </span>
     <span class='ocr_line' id='line_1_15' title="bbox 250 1199 1732 1255; baseline 0 -13"><span class='ocrx_word' id='word_1_125' title='bbox 250 1199 360 1242; x_wconf 65' lang='lat' dir='ltr'>Came</span> <span class='ocrx_word' id='word_1_126' title='bbox 397 1201 568 1250; x_wconf 66' lang='lat' dir='ltr'>malum,</span> <span class='ocrx_word' id='word_1_127' title='bbox 618 1204 791 1253; x_wconf 81' lang='lat' dir='ltr'>Scaliger</span> <span class='ocrx_word' id='word_1_128' title='bbox 830 1206 974 1255; x_wconf 87' lang='lat' dir='ltr'>aliique</span> <span class='ocrx_word' id='word_1_129' title='bbox 1010 1204 1162 1253; x_wconf 70' lang='lat' dir='ltr'>„malo‘⁴</span> <span class='ocrx_word' id='word_1_130' title='bbox 1204 1206 1424 1255; x_wconf 85' lang='lat' dir='ltr'>postulant,</span> <span class='ocrx_word' id='word_1_131' title='bbox 1472 1209 1515 1242; x_wconf 88' lang='lat' dir='ltr'>ut</span> <span class='ocrx_word' id='word_1_132' title='bbox 1550 1206 1640 1243; x_wconf 90' lang='lat'>145.</span> <span class='ocrx_word' id='word_1_133' title='bbox 1683 1225 1732 1230; x_wconf 93' lang='lat'><strong>—</strong></span> 
     </span>
     <span class='ocr_line' id='line_1_16' title="bbox 245 1270 1735 1320; baseline 0.001 -11"><span class='ocrx_word' id='word_1_134' title='bbox 245 1282 437 1320; x_wconf 65' lang='lat' dir='ltr'>conpesce</span> <span class='ocrx_word' id='word_1_135' title='bbox 469 1270 620 1319; x_wconf 68' lang='lat' dir='ltr'>dicere,</span> <span class='ocrx_word' id='word_1_136' title='bbox 653 1274 677 1310; x_wconf 83' lang='lat' dir='ltr'>i.</span> <span class='ocrx_word' id='word_1_137' title='bbox 712 1287 743 1310; x_wconf 88' lang='lat' dir='ltr'>e.</span> <span class='ocrx_word' id='word_1_138' title='bbox 776 1286 823 1310; x_wconf 86' lang='lat' dir='ltr'>ne</span> <span class='ocrx_word' id='word_1_139' title='bbox 858 1273 981 1319; x_wconf 73' lang='lat' dir='ltr'>licas,</span> <span class='ocrx_word' id='word_1_140' title='bbox 1022 1287 1058 1311; x_wconf 79' lang='lat' dir='ltr'>V.</span> <span class='ocrx_word' id='word_1_141' title='bbox 1092 1274 1139 1310; x_wconf 77' lang='lat' dir='ltr'>ad</span> <span class='ocrx_word' id='word_1_142' title='bbox 1171 1274 1260 1311; x_wconf 84' lang='lat' dir='ltr'>Aul.</span> <span class='ocrx_word' id='word_1_143' title='bbox 1297 1275 1388 1311; x_wconf 87' lang='lat'>333.</span> <span class='ocrx_word' id='word_1_144' title='bbox 1420 1293 1476 1299; x_wconf 88' lang='lat'>—-</span> <span class='ocrx_word' id='word_1_145' title='bbox 1509 1271 1639 1311; x_wconf 77' lang='lat' dir='ltr'>dicere</span> <span class='ocrx_word' id='word_1_146' title='bbox 1668 1270 1735 1310; x_wconf 74' lang='lat' dir='ltr'>in-</span> 
     </span>
    </p>
   </div>
   <div class='ocr_carea' id='block_1_4' title="bbox 242 1338 1738 2818">
    <p class='ocr_par' dir='ltr' id='par_1_4' title="bbox 242 1338 1736 1513">
     <span class='ocr_line' id='line_1_17' title="bbox 242 1338 1732 1387; baseline 0.001 -10"><span class='ocrx_word' id='word_1_147' title='bbox 242 1338 368 1387; x_wconf 66' lang='lat' dir='ltr'>iuste,</span> <span class='ocrx_word' id='word_1_148' title='bbox 417 1340 516 1377; x_wconf 83' lang='lat' dir='ltr'>male</span> <span class='ocrx_word' id='word_1_149' title='bbox 559 1341 707 1387; x_wconf 88' lang='lat' dir='ltr'>dicere,</span> <span class='ocrx_word' id='word_1_150' title='bbox 756 1342 802 1379; x_wconf 91' lang='lat' dir='ltr'>cf.</span> <span class='ocrx_word' id='word_1_151' title='bbox 842 1342 980 1379; x_wconf 84' lang='lat' dir='ltr'>Pseud.</span> <span class='ocrx_word' id='word_1_152' title='bbox 1026 1344 1117 1379; x_wconf 85' lang='lat'>616.</span> <span class='ocrx_word' id='word_1_153' title='bbox 1180 1341 1298 1379; x_wconf 87' lang='lat' dir='ltr'>Stich.</span> <span class='ocrx_word' id='word_1_154' title='bbox 1334 1343 1426 1380; x_wconf 84' lang='lat'>345.</span> <span class='ocrx_word' id='word_1_155' title='bbox 1487 1342 1605 1379; x_wconf 83' lang='lat' dir='ltr'>Poen.</span> <span class='ocrx_word' id='word_1_156' title='bbox 1641 1343 1732 1379; x_wconf 82' lang='grc'><strong>576.</strong></span> 
     </span>
     <span class='ocr_line' id='line_1_18' title="bbox 246 1405 1736 1460; baseline 0.001 -15"><span class='ocrx_word' id='word_1_157' title='bbox 246 1408 365 1446; x_wconf 83' lang='grc'><strong>1040.</strong></span> <span class='ocrx_word' id='word_1_158' title='bbox 399 1428 454 1433; x_wconf 87' lang='lat'><em>-</em></span> <span class='ocrx_word' id='word_1_159' title='bbox 485 1409 579 1445; x_wconf 79' lang='lat'>467.</span> <span class='ocrx_word' id='word_1_160' title='bbox 613 1419 734 1457; x_wconf 75' lang='lat' dir='ltr'>quom</span> <span class='ocrx_word' id='word_1_161' title='bbox 758 1405 936 1458; x_wconf 71' lang='lat' dir='ltr'>peribat,</span> <span class='ocrx_word' id='word_1_162' title='bbox 970 1407 1070 1456; x_wconf 58' lang='lat' dir='ltr'>uidi,</span> <span class='ocrx_word' id='word_1_163' title='bbox 1106 1410 1152 1447; x_wconf 89' lang='lat' dir='ltr'>cf.</span> <span class='ocrx_word' id='word_1_164' title='bbox 1187 1410 1298 1460; x_wconf 83' lang='lat' dir='ltr'>Capt.</span> <span class='ocrx_word' id='word_1_165' title='bbox 1334 1412 1434 1457; x_wconf 85' lang='lat'>302,</span> <span class='ocrx_word' id='word_1_166' title='bbox 1476 1415 1515 1447; x_wconf 79' lang='lat' dir='ltr'>et</span> <span class='ocrx_word' id='word_1_167' title='bbox 1545 1410 1651 1447; x_wconf 80' lang='lat' dir='ltr'>Brix,</span> <span class='ocrx_word' id='word_1_168' title='bbox 1685 1409 1736 1447; x_wconf 84' lang='lat' dir='ltr'>ad</span> 
     </span>
     <span class='ocr_line' id='line_1_19' title="bbox 244 1476 499 1513; baseline 0 -1"><span class='ocrx_word' id='word_1_169' title='bbox 244 1489 328 1513; x_wconf 87' lang='lat' dir='ltr'>eum</span> <span class='ocrx_word' id='word_1_170' title='bbox 360 1476 499 1513; x_wconf 82' lang='lat' dir='ltr'>locum.</span> 
     </span>
    </p>

    <p class='ocr_par' dir='ltr' id='par_1_5' title="bbox 243 1541 1738 2818">
     <span class='ocr_line' id='line_1_20' title="bbox 357 1541 1734 1596; baseline 0.001 -16"><span class='ocrx_word' id='word_1_171' title='bbox 357 1545 451 1581; x_wconf 86' lang='lat'>468.</span> <span class='ocrx_word' id='word_1_172' title='bbox 498 1541 635 1594; x_wconf 72' lang='lat' dir='ltr'>Atque</span> <span class='ocrx_word' id='word_1_173' title='bbox 673 1559 837 1594; x_wconf 76' lang='lat' dir='ltr'>pravum</span> <span class='ocrx_word' id='word_1_174' title='bbox 876 1549 953 1591; x_wconf 70' lang='lat' dir='ltr'>est,</span> <span class='ocrx_word' id='word_1_175' title='bbox 1001 1545 1139 1583; x_wconf 88' lang='lat' dir='ltr'>Lamb.</span> <span class='ocrx_word' id='word_1_176' title='bbox 1183 1547 1259 1593; x_wconf 68' lang='lat' dir='ltr'>„At</span> <span class='ocrx_word' id='word_1_177' title='bbox 1290 1543 1431 1596; x_wconf 86' lang='lat' dir='ltr'>quae“,</span> <span class='ocrx_word' id='word_1_178' title='bbox 1471 1546 1530 1582; x_wconf 88' lang='lat' dir='ltr'>Fl.</span> <span class='ocrx_word' id='word_1_179' title='bbox 1565 1559 1612 1582; x_wconf 84' lang='lat' dir='ltr'>ex</span> <span class='ocrx_word' id='word_1_180' title='bbox 1649 1545 1734 1582; x_wconf 86' lang='lat' dir='ltr'>Rit-</span> 
     </span>
     <span class='ocr_line' id='line_1_21' title="bbox 243 1611 1734 1662; baseline 0 -12"><span class='ocrx_word' id='word_1_181' title='bbox 243 1612 378 1650; x_wconf 88' lang='lat' dir='ltr'>schelii</span> <span class='ocrx_word' id='word_1_182' title='bbox 416 1613 513 1649; x_wconf 88' lang='lat' dir='ltr'>coni.</span> <span class='ocrx_word' id='word_1_183' title='bbox 579 1612 658 1657; x_wconf 57' lang='lat' dir='ltr'>„Ac</span> <span class='ocrx_word' id='word_1_184' title='bbox 697 1611 836 1662; x_wconf 83' lang='lat' dir='ltr'>quae“.</span> <span class='ocrx_word' id='word_1_185' title='bbox 896 1613 968 1650; x_wconf 88' lang='lat' dir='ltr'>De.</span> <span class='ocrx_word' id='word_1_186' title='bbox 992 1614 1206 1651; x_wconf 87' lang='lat' dir='ltr'>indicativo</span> <span class='ocrx_word' id='word_1_187' title='bbox 1244 1614 1360 1652; x_wconf 88' lang='lat' dir='ltr'>modo</span> <span class='ocrx_word' id='word_1_188' title='bbox 1399 1614 1478 1652; x_wconf 88' lang='lat' dir='ltr'>vid.</span> <span class='ocrx_word' id='word_1_189' title='bbox 1512 1614 1560 1650; x_wconf 90' lang='lat' dir='ltr'>ad</span> <span class='ocrx_word' id='word_1_190' title='bbox 1590 1613 1734 1662; x_wconf 79' lang='lat' dir='ltr'>Amph.</span> 
     </span>
     <span class='ocr_line' id='line_1_22' title="bbox 247 1680 1736 1731; baseline 0.001 -14"><span class='ocrx_word' id='word_1_191' title='bbox 247 1681 337 1717; x_wconf 83' lang='lat'>167.</span> <span class='ocrx_word' id='word_1_192' title='bbox 388 1680 639 1717; x_wconf 76' lang='lat' dir='ltr'>Meretricem</span> <span class='ocrx_word' id='word_1_193' title='bbox 672 1694 756 1717; x_wconf 85' lang='lat' dir='ltr'>cum</span> <span class='ocrx_word' id='word_1_194' title='bbox 783 1680 980 1730; x_wconf 70' lang='lat' dir='ltr'>Charybdi</span> <span class='ocrx_word' id='word_1_195' title='bbox 1012 1686 1225 1731; x_wconf 70' lang='lat' dir='ltr'>comparat.</span> <span class='ocrx_word' id='word_1_196' title='bbox 1259 1696 1344 1731; x_wconf 86' lang='lat' dir='ltr'>quae</span> <span class='ocrx_word' id='word_1_197' title='bbox 1377 1682 1571 1731; x_wconf 87' lang='lat' dir='ltr'>quidquid</span> <span class='ocrx_word' id='word_1_198' title='bbox 1601 1682 1736 1730; x_wconf 84' lang='lat' dir='ltr'>attigit</span> 
     </span>
     <span class='ocr_line' id='line_1_23' title="bbox 244 1747 1733 1799; baseline 0.002 -15"><span class='ocrx_word' id='word_1_199' title='bbox 244 1752 342 1785; x_wconf 86' lang='lat' dir='ltr'>aestu</span> <span class='ocrx_word' id='word_1_200' title='bbox 365 1761 435 1785; x_wconf 85' lang='lat' dir='ltr'>suo</span> <span class='ocrx_word' id='word_1_201' title='bbox 463 1747 659 1795; x_wconf 86' lang='lat' dir='ltr'>absorbet,</span> <span class='ocrx_word' id='word_1_202' title='bbox 686 1748 732 1786; x_wconf 86' lang='lat' dir='ltr'>cf.</span> <span class='ocrx_word' id='word_1_203' title='bbox 757 1749 911 1787; x_wconf 80' lang='lat' dir='ltr'>Anaxil.</span> <span class='ocrx_word' id='word_1_204' title='bbox 936 1763 997 1799; x_wconf 87' lang='lat' dir='ltr'>ap.</span> <span class='ocrx_word' id='word_1_205' title='bbox 1017 1750 1159 1787; x_wconf 86' lang='lat' dir='ltr'>Athen.</span> <span class='ocrx_word' id='word_1_206' title='bbox 1177 1750 1283 1797; x_wconf 87' lang='lat' dir='ltr'>XIII,</span> <span class='ocrx_word' id='word_1_207' title='bbox 1316 1763 1353 1799; x_wconf 90' lang='lat' dir='ltr'>p.</span> <span class='ocrx_word' id='word_1_208' title='bbox 1374 1751 1465 1796; x_wconf 88' lang='lat'>558,</span> <span class='ocrx_word' id='word_1_209' title='bbox 1498 1764 1534 1788; x_wconf 92' lang='lat' dir='ltr'>v.</span> <span class='ocrx_word' id='word_1_210' title='bbox 1554 1751 1576 1787; x_wconf 87' lang='grc'>4</span> <span class='ocrx_word' id='word_1_211' title='bbox 1602 1754 1641 1786; x_wconf 88' lang='lat' dir='ltr'>et</span> <span class='ocrx_word' id='word_1_212' title='bbox 1670 1751 1733 1787; x_wconf 85' lang='lat'>18.</span> 
     </span>
     <span class='ocr_line' id='line_1_24' title="bbox 243 1816 1733 1867; baseline 0.001 -15"><span class='ocrx_word' id='word_1_213' title='bbox 243 1816 338 1853; x_wconf 90' lang='lat' dir='ltr'>Hor.</span> <span class='ocrx_word' id='word_1_214' title='bbox 380 1816 451 1853; x_wconf 86' lang='lat' dir='ltr'>Od.</span> <span class='ocrx_word' id='word_1_215' title='bbox 495 1816 531 1862; x_wconf 89' lang='lat' dir='ltr'>I,</span> <span class='ocrx_word' id='word_1_216' title='bbox 574 1817 644 1862; x_wconf 75' lang='lat'>27,</span> <span class='ocrx_word' id='word_1_217' title='bbox 692 1817 763 1853; x_wconf 81' lang='lat'>19:</span> <span class='ocrx_word' id='word_1_218' title='bbox 814 1817 992 1863; x_wconf 79' lang='lat' dir='ltr'>„Quanta</span> <span class='ocrx_word' id='word_1_219' title='bbox 1031 1817 1186 1855; x_wconf 84' lang='lat' dir='ltr'>laboras</span> <span class='ocrx_word' id='word_1_220' title='bbox 1227 1823 1267 1855; x_wconf 89' lang='lat' dir='ltr'>in</span> <span class='ocrx_word' id='word_1_221' title='bbox 1305 1817 1542 1867; x_wconf 80' lang='lat' dir='ltr'>Charybdi‘·.</span> <span class='ocrx_word' id='word_1_222' title='bbox 1604 1818 1733 1855; x_wconf 85' lang='lat' dir='ltr'>Plaut.</span> 
     </span>
     <span class='ocr_line' id='line_1_25' title="bbox 245 1884 1736 1935; baseline 0.001 -15"><span class='ocrx_word' id='word_1_223' title='bbox 245 1884 402 1921; x_wconf 88' lang='lat' dir='ltr'>Trucul.</span> <span class='ocrx_word' id='word_1_224' title='bbox 446 1885 523 1921; x_wconf 80' lang='lat'>349</span> <span class='ocrx_word' id='word_1_225' title='bbox 565 1897 621 1933; x_wconf 88' lang='lat' dir='ltr'>sq.</span> <span class='ocrx_word' id='word_1_226' title='bbox 708 1884 808 1931; x_wconf 83' lang='lat' dir='ltr'>„Sed</span> <span class='ocrx_word' id='word_1_227' title='bbox 854 1888 1052 1922; x_wconf 84' lang='lat' dir='ltr'>aestuosas</span> <span class='ocrx_word' id='word_1_228' title='bbox 1098 1887 1222 1923; x_wconf 84' lang='lat' dir='ltr'>sentio</span> <span class='ocrx_word' id='word_1_229' title='bbox 1268 1886 1413 1935; x_wconf 86' lang='lat' dir='ltr'>aperiri</span> <span class='ocrx_word' id='word_1_230' title='bbox 1458 1885 1579 1932; x_wconf 88' lang='lat' dir='ltr'>fores,</span> <span class='ocrx_word' id='word_1_231' title='bbox 1627 1885 1736 1931; x_wconf 79' lang='lat' dir='ltr'>Quae</span> 
     </span>
     <span class='ocr_line' id='line_1_26' title="bbox 244 1951 1734 2003; baseline 0.001 -15"><span class='ocrx_word' id='word_1_232' title='bbox 244 1951 479 1998; x_wconf 84' lang='lat' dir='ltr'>obsorbent,</span> <span class='ocrx_word' id='word_1_233' title='bbox 520 1953 709 2000; x_wconf 88' lang='lat' dir='ltr'>quicquid</span> <span class='ocrx_word' id='word_1_234' title='bbox 740 1954 850 1990; x_wconf 86' lang='lat' dir='ltr'>uenit</span> <span class='ocrx_word' id='word_1_235' title='bbox 879 1954 985 1990; x_wconf 84' lang='lat' dir='ltr'>intra</span> <span class='ocrx_word' id='word_1_236' title='bbox 1015 1952 1231 2003; x_wconf 69' lang='lat' dir='ltr'>pessulas“.</span> <span class='ocrx_word' id='word_1_237' title='bbox 1293 1953 1404 1991; x_wconf 89' lang='lat' dir='ltr'>Unde</span> <span class='ocrx_word' id='word_1_238' title='bbox 1438 1953 1584 1990; x_wconf 88' lang='lat' dir='ltr'>Ritsch.</span> <span class='ocrx_word' id='word_1_239' title='bbox 1617 1954 1734 1990; x_wconf 86' lang='lat' dir='ltr'>etiam</span> 
     </span>
     <span class='ocr_line' id='line_1_27' title="bbox 243 2019 1734 2065; baseline 0.003 -10"><span class='ocrx_word' id='word_1_240' title='bbox 243 2019 280 2056; x_wconf 91' lang='lat' dir='ltr'>h.</span> <span class='ocrx_word' id='word_1_241' title='bbox 312 2020 337 2056; x_wconf 91' lang='grc'><strong>1.</strong></span> <span class='ocrx_word' id='word_1_242' title='bbox 373 2019 564 2057; x_wconf 67' lang='lat' dir='ltr'>aestuosa</span> <span class='ocrx_word' id='word_1_243' title='bbox 595 2033 666 2057; x_wconf 77' lang='lat' dir='ltr'>em.</span> <span class='ocrx_word' id='word_1_244' title='bbox 699 2040 755 2044; x_wconf 84' lang='lat'>——</span> <span class='ocrx_word' id='word_1_245' title='bbox 786 2021 879 2058; x_wconf 78' lang='lat'>469.</span> <span class='ocrx_word' id='word_1_246' title='bbox 922 2031 1010 2058; x_wconf 74' lang='lat' dir='ltr'>esse</span> <span class='ocrx_word' id='word_1_247' title='bbox 1041 2031 1150 2065; x_wconf 75' lang='lat' dir='ltr'>eccm,</span> <span class='ocrx_word' id='word_1_248' title='bbox 1197 2021 1272 2058; x_wconf 86' lang='lat' dir='ltr'>hoc</span> <span class='ocrx_word' id='word_1_249' title='bbox 1302 2021 1439 2058; x_wconf 84' lang='lat' dir='ltr'>ordine</span> <span class='ocrx_word' id='word_1_250' title='bbox 1472 2021 1646 2059; x_wconf 81' lang='lat' dir='ltr'>Guietus.</span> <span class='ocrx_word' id='word_1_251' title='bbox 1684 2040 1734 2046; x_wconf 89' lang='lat'>—-</span> 
     </span>
     <span class='ocr_line' id='line_1_28' title="bbox 243 2082 1736 2138; baseline 0.002 -15"><span class='ocrx_word' id='word_1_252' title='bbox 243 2083 315 2124; x_wconf 69' lang='lat' dir='ltr'>Ex</span> <span class='ocrx_word' id='word_1_253' title='bbox 346 2082 469 2124; x_wconf 71' lang='lat' dir='ltr'>Samo</span> <span class='ocrx_word' id='word_1_254' title='bbox 499 2091 667 2136; x_wconf 78' lang='lat' dir='ltr'>utraque</span> <span class='ocrx_word' id='word_1_255' title='bbox 700 2101 811 2125; x_wconf 87' lang='lat' dir='ltr'>soror</span> <span class='ocrx_word' id='word_1_256' title='bbox 843 2089 1009 2126; x_wconf 89' lang='lat' dir='ltr'>oriunda</span> <span class='ocrx_word' id='word_1_257' title='bbox 1039 2094 1135 2135; x_wconf 81' lang='lat' dir='ltr'>erat,</span> <span class='ocrx_word' id='word_1_258' title='bbox 1167 2090 1284 2126; x_wconf 84' lang='lat' dir='ltr'>etiam</span> <span class='ocrx_word' id='word_1_259' title='bbox 1316 2102 1401 2138; x_wconf 85' lang='lat' dir='ltr'>quae</span> <span class='ocrx_word' id='word_1_260' title='bbox 1433 2090 1583 2138; x_wconf 76' lang='lat' dir='ltr'>aliquot</span> <span class='ocrx_word' id='word_1_261' title='bbox 1614 2102 1736 2127; x_wconf 88' lang='lat' dir='ltr'>annos</span> 
     </span>
     <span class='ocr_line' id='line_1_29' title="bbox 243 2153 1735 2206; baseline 0.003 -14"><span class='ocrx_word' id='word_1_262' title='bbox 243 2154 408 2192; x_wconf 85' lang='lat' dir='ltr'>Athenis</span> <span class='ocrx_word' id='word_1_263' title='bbox 438 2155 699 2192; x_wconf 75' lang='lat' dir='ltr'>habitaverat.</span> <span class='ocrx_word' id='word_1_264' title='bbox 732 2175 787 2181; x_wconf 87' lang='lat'>—</span> <span class='ocrx_word' id='word_1_265' title='bbox 818 2158 912 2195; x_wconf 74' lang='lat'>470.</span> <span class='ocrx_word' id='word_1_266' title='bbox 950 2154 1063 2206; x_wconf 71' lang='lat' dir='ltr'>Quae</span> <span class='ocrx_word' id='word_1_267' title='bbox 1093 2153 1296 2195; x_wconf 73' lang='lat' dir='ltr'>uocatur?</span> <span class='ocrx_word' id='word_1_268' title='bbox 1326 2171 1361 2195; x_wconf 88' lang='lat' dir='ltr'>v.</span> <span class='ocrx_word' id='word_1_269' title='bbox 1394 2158 1443 2194; x_wconf 87' lang='lat' dir='ltr'>ad</span> <span class='ocrx_word' id='word_1_270' title='bbox 1469 2158 1612 2206; x_wconf 86' lang='lat' dir='ltr'>Amph.</span> <span class='ocrx_word' id='word_1_271' title='bbox 1641 2157 1735 2196; x_wconf 85' lang='grc'><strong>378.</strong></span> 
     </span>
     <span class='ocr_line' id='line_1_30' title="bbox 248 2223 1736 2275; baseline 0.003 -17"><span class='ocrx_word' id='word_1_272' title='bbox 248 2242 295 2248; x_wconf 86' lang='lat'>—-</span> <span class='ocrx_word' id='word_1_273' title='bbox 329 2223 423 2259; x_wconf 81' lang='lat'>473.</span> <span class='ocrx_word' id='word_1_274' title='bbox 456 2233 586 2270; x_wconf 69' lang='lat' dir='ltr'>neque</span> <span class='ocrx_word' id='word_1_275' title='bbox 611 2223 717 2261; x_wconf 70' lang='lat' dir='ltr'>amet</span> <span class='ocrx_word' id='word_1_276' title='bbox 741 2225 776 2260; x_wconf 81' lang='lat' dir='ltr'>A</span> <span class='ocrx_word' id='word_1_277' title='bbox 800 2228 837 2261; x_wconf 84' lang='lat' dir='ltr'>et</span> <span class='ocrx_word' id='word_1_278' title='bbox 854 2225 897 2262; x_wconf 92' lang='lat' dir='ltr'>B.</span> <span class='ocrx_word' id='word_1_279' title='bbox 944 2236 1017 2262; x_wconf 74' lang='lat' dir='ltr'>nec</span> <span class='ocrx_word' id='word_1_280' title='bbox 1043 2225 1087 2263; x_wconf 76' lang='lat' dir='ltr'>tu</span> <span class='ocrx_word' id='word_1_281' title='bbox 1110 2225 1140 2262; x_wconf 88' lang='lat' dir='ltr'>B</span> <span class='ocrx_word' id='word_1_282' title='bbox 1159 2225 1187 2262; x_wconf 89' lang='lat' dir='ltr'>C</span> <span class='ocrx_word' id='word_1_283' title='bbox 1212 2229 1251 2262; x_wconf 88' lang='lat' dir='ltr'>et</span> <span class='ocrx_word' id='word_1_284' title='bbox 1267 2225 1377 2263; x_wconf 72' lang='lat' dir='ltr'>Festi</span> <span class='ocrx_word' id='word_1_285' title='bbox 1394 2225 1502 2275; x_wconf 83' lang='lat' dir='ltr'>Epit.</span> <span class='ocrx_word' id='word_1_286' title='bbox 1520 2239 1557 2275; x_wconf 90' lang='lat' dir='ltr'>p.</span> <span class='ocrx_word' id='word_1_287' title='bbox 1579 2227 1642 2263; x_wconf 85' lang='grc'>60.</span> <span class='ocrx_word' id='word_1_288' title='bbox 1689 2226 1736 2262; x_wconf 87' lang='lat' dir='ltr'>In</span> 
     </span>
     <span class='ocr_line' id='line_1_31' title="bbox 244 2289 1738 2344; baseline 0.003 -18"><span class='ocrx_word' id='word_1_289' title='bbox 244 2291 278 2327; x_wconf 90' lang='lat' dir='ltr'><strong>A</strong></span> <span class='ocrx_word' id='word_1_290' title='bbox 302 2289 505 2340; x_wconf 86' lang='lat' dir='ltr'>Geppert.,</span> <span class='ocrx_word' id='word_1_291' title='bbox 532 2289 802 2328; x_wconf 83' lang='lat' dir='ltr'>Plautinische</span> <span class='ocrx_word' id='word_1_292' title='bbox 829 2292 992 2329; x_wconf 87' lang='lat' dir='ltr'>Studien</span> <span class='ocrx_word' id='word_1_293' title='bbox 1010 2293 1059 2339; x_wconf 88' lang='lat' dir='ltr'>II,</span> <span class='ocrx_word' id='word_1_294' title='bbox 1077 2307 1115 2343; x_wconf 92' lang='lat' dir='ltr'>p.</span> <span class='ocrx_word' id='word_1_295' title='bbox 1137 2295 1199 2339; x_wconf 83' lang='grc'><strong>36,</strong></span> <span class='ocrx_word' id='word_1_296' title='bbox 1219 2293 1392 2330; x_wconf 87' lang='lat' dir='ltr'>affirmat</span> <span class='ocrx_word' id='word_1_297' title='bbox 1413 2293 1483 2330; x_wconf 75' lang='lat' dir='ltr'>NE</span> <span class='ocrx_word' id='word_1_298' title='bbox 1509 2294 1599 2341; x_wconf 85' lang='lat' dir='ltr'>legi,</span> <span class='ocrx_word' id='word_1_299' title='bbox 1616 2293 1738 2344; x_wconf 87' lang='lat' dir='ltr'>idque</span> 
     </span>
     <span class='ocr_line' id='line_1_32' title="bbox 243 2358 1737 2411; baseline 0.002 -16"><span class='ocrx_word' id='word_1_300' title='bbox 243 2359 299 2395; x_wconf 85' lang='lat' dir='ltr'>ita</span> <span class='ocrx_word' id='word_1_301' title='bbox 324 2358 511 2404; x_wconf 79' lang='lat' dir='ltr'>defendit,</span> <span class='ocrx_word' id='word_1_302' title='bbox 546 2364 589 2395; x_wconf 85' lang='lat' dir='ltr'>ut</span> <span class='ocrx_word' id='word_1_303' title='bbox 618 2372 767 2407; x_wconf 64' lang='lat' dir='ltr'>„neque</span> <span class='ocrx_word' id='word_1_304' title='bbox 786 2358 913 2396; x_wconf 71' lang='lat' dir='ltr'>aniat‘²</span> <span class='ocrx_word' id='word_1_305' title='bbox 942 2374 1014 2409; x_wconf 90' lang='lat' dir='ltr'>pro</span> <span class='ocrx_word' id='word_1_306' title='bbox 1044 2374 1146 2407; x_wconf 87' lang='lat' dir='ltr'>„non</span> <span class='ocrx_word' id='word_1_307' title='bbox 1172 2359 1297 2398; x_wconf 75' lang='lat' dir='ltr'>amat“</span> <span class='ocrx_word' id='word_1_308' title='bbox 1327 2361 1474 2398; x_wconf 90' lang='lat' dir='ltr'>dictum</span> <span class='ocrx_word' id='word_1_309' title='bbox 1498 2365 1625 2411; x_wconf 86' lang='lat' dir='ltr'>putet,</span> <span class='ocrx_word' id='word_1_310' title='bbox 1658 2375 1737 2411; x_wconf 85' lang='lat' dir='ltr'>qua</span> 
     </span>
     <span class='ocr_line' id='line_1_33' title="bbox 246 2425 1733 2477; baseline 0.003 -15"><span class='ocrx_word' id='word_1_311' title='bbox 246 2426 292 2462; x_wconf 91' lang='lat' dir='ltr'>de</span> <span class='ocrx_word' id='word_1_312' title='bbox 323 2439 366 2462; x_wconf 92' lang='lat' dir='ltr'>re</span> <span class='ocrx_word' id='word_1_313' title='bbox 397 2425 558 2472; x_wconf 79' lang='lat' dir='ltr'>dubit03</span> <span class='ocrx_word' id='word_1_314' title='bbox 604 2427 642 2462; x_wconf 90' lang='lat' dir='ltr'>in</span> <span class='ocrx_word' id='word_1_315' title='bbox 674 2426 864 2464; x_wconf 87' lang='lat' dir='ltr'>Plautinis</span> <span class='ocrx_word' id='word_1_316' title='bbox 904 2429 1081 2477; x_wconf 85' lang='lat' dir='ltr'>quidem,</span> <span class='ocrx_word' id='word_1_317' title='bbox 1130 2441 1227 2477; x_wconf 86' lang='lat' dir='ltr'>quos</span> <span class='ocrx_word' id='word_1_318' title='bbox 1265 2428 1379 2465; x_wconf 85' lang='lat' dir='ltr'>affert</span> <span class='ocrx_word' id='word_1_319' title='bbox 1410 2429 1522 2476; x_wconf 81' lang='lat' dir='ltr'>locis,</span> <span class='ocrx_word' id='word_1_320' title='bbox 1570 2429 1733 2467; x_wconf 84' lang='lat' dir='ltr'>fallitur.</span> 
     </span>
     <span class='ocr_line' id='line_1_34' title="bbox 243 2493 1735 2544; baseline 0.001 -13"><span class='ocrx_word' id='word_1_321' title='bbox 243 2503 317 2531; x_wconf 65' lang='grc' dir='ltr'>πρε</span> <span class='ocrx_word' id='word_1_322' title='bbox 346 2506 417 2543; x_wconf 88' lang='lat' dir='ltr'>pro</span> <span class='ocrx_word' id='word_1_323' title='bbox 444 2507 531 2540; x_wconf 86' lang='lat' dir='ltr'>neu,</span> <span class='ocrx_word' id='word_1_324' title='bbox 566 2493 612 2531; x_wconf 86' lang='lat' dir='ltr'>cf.</span> <span class='ocrx_word' id='word_1_325' title='bbox 637 2494 746 2532; x_wconf 90' lang='lat' dir='ltr'>Asin.</span> <span class='ocrx_word' id='word_1_326' title='bbox 774 2496 867 2533; x_wconf 87' lang='grc'><strong>768.</strong></span> <span class='ocrx_word' id='word_1_327' title='bbox 922 2494 1095 2534; x_wconf 63' lang='lat' dir='ltr'>Credam&amp;</span> <span class='ocrx_word' id='word_1_328' title='bbox 1117 2496 1224 2534; x_wconf 85' lang='lat' dir='ltr'>Fest.</span> <span class='ocrx_word' id='word_1_329' title='bbox 1251 2501 1290 2534; x_wconf 88' lang='lat' dir='ltr'>et</span> <span class='ocrx_word' id='word_1_330' title='bbox 1314 2497 1345 2533; x_wconf 92' lang='lat' dir='ltr'>B</span> <span class='ocrx_word' id='word_1_331' title='bbox 1377 2511 1424 2534; x_wconf 89' lang='lat' dir='ltr'>ex</span> <span class='ocrx_word' id='word_1_332' title='bbox 1449 2497 1735 2544; x_wconf 84' lang='lat' dir='ltr'>emendatione,</span> 
     </span>
     <span class='ocr_line' id='line_1_35' title="bbox 244 2559 1734 2613; baseline 0.002 -14"><span class='ocrx_word' id='word_1_333' title='bbox 244 2575 334 2599; x_wconf 81' lang='lat' dir='ltr'>nam</span> <span class='ocrx_word' id='word_1_334' title='bbox 352 2562 481 2599; x_wconf 84' lang='lat' dir='ltr'>fuerat</span> <span class='ocrx_word' id='word_1_335' title='bbox 503 2559 700 2608; x_wconf 77' lang='lat' dir='ltr'>„credas“,</span> <span class='ocrx_word' id='word_1_336' title='bbox 727 2561 772 2598; x_wconf 89' lang='lat' dir='ltr'>cf.</span> <span class='ocrx_word' id='word_1_337' title='bbox 792 2562 894 2599; x_wconf 87' lang='lat' dir='ltr'>infra</span> <span class='ocrx_word' id='word_1_338' title='bbox 912 2562 1003 2600; x_wconf 88' lang='lat'>501.</span> <span class='ocrx_word' id='word_1_339' title='bbox 1025 2564 1116 2601; x_wconf 79' lang='lat'>842.</span> <span class='ocrx_word' id='word_1_340' title='bbox 1158 2564 1274 2602; x_wconf 82' lang='lat' dir='ltr'>Poen.</span> <span class='ocrx_word' id='word_1_341' title='bbox 1295 2566 1395 2611; x_wconf 78' lang='lat'>7503</span> <span class='ocrx_word' id='word_1_342' title='bbox 1423 2564 1575 2601; x_wconf 88' lang='lat' dir='ltr'>creduis</span> <span class='ocrx_word' id='word_1_343' title='bbox 1592 2564 1734 2613; x_wconf 85' lang='lat' dir='ltr'>Amph.</span> 
     </span>
     <span class='ocr_line' id='line_1_36' title="bbox 246 2629 1735 2680; baseline 0.001 -13"><span class='ocrx_word' id='word_1_344' title='bbox 246 2631 339 2668; x_wconf 86' lang='lat'>665.</span> <span class='ocrx_word' id='word_1_345' title='bbox 387 2629 496 2679; x_wconf 84' lang='lat' dir='ltr'>Capt.</span> <span class='ocrx_word' id='word_1_346' title='bbox 518 2631 610 2667; x_wconf 87' lang='grc'><strong>600.</strong></span> <span class='ocrx_word' id='word_1_347' title='bbox 637 2630 685 2667; x_wconf 86' lang='lat' dir='ltr'>al.</span> <span class='ocrx_word' id='word_1_348' title='bbox 713 2630 760 2667; x_wconf 85' lang='lat' dir='ltr'>cf.</span> <span class='ocrx_word' id='word_1_349' title='bbox 777 2630 867 2668; x_wconf 89' lang='lat' dir='ltr'>Aul.</span> <span class='ocrx_word' id='word_1_350' title='bbox 888 2632 980 2668; x_wconf 82' lang='grc'><strong>577.</strong></span> <span class='ocrx_word' id='word_1_351' title='bbox 1009 2650 1062 2656; x_wconf 80' lang='lat'>—-</span> <span class='ocrx_word' id='word_1_352' title='bbox 1094 2632 1188 2669; x_wconf 83' lang='lat'>477.</span> <span class='ocrx_word' id='word_1_353' title='bbox 1221 2632 1383 2669; x_wconf 82' lang='lat' dir='ltr'>Numeri</span> <span class='ocrx_word' id='word_1_354' title='bbox 1407 2645 1486 2668; x_wconf 89' lang='lat' dir='ltr'>non</span> <span class='ocrx_word' id='word_1_355' title='bbox 1511 2632 1735 2680; x_wconf 83' lang='lat' dir='ltr'>explentur.</span> 
     </span>
     <span class='ocr_line' id='line_1_37' title="bbox 243 2697 1734 2749; baseline 0.001 -14"><span class='ocrx_word' id='word_1_356' title='bbox 243 2697 393 2735; x_wconf 85' lang='lat' dir='ltr'>Ritsch.</span> <span class='ocrx_word' id='word_1_357' title='bbox 424 2697 538 2745; x_wconf 71' lang='lat' dir='ltr'>‚,aut“</span> <span class='ocrx_word' id='word_1_358' title='bbox 569 2697 741 2735; x_wconf 78' lang='lat' dir='ltr'>addebat</span> <span class='ocrx_word' id='word_1_359' title='bbox 772 2701 864 2735; x_wconf 89' lang='lat' dir='ltr'>ante</span> <span class='ocrx_word' id='word_1_360' title='bbox 893 2697 1076 2747; x_wconf 84' lang='lat' dir='ltr'>„labra“;</span> <span class='ocrx_word' id='word_1_361' title='bbox 1107 2700 1204 2736; x_wconf 87' lang='lat' dir='ltr'>mihi</span> <span class='ocrx_word' id='word_1_362' title='bbox 1235 2697 1321 2737; x_wconf 67' lang='lat' dir='ltr'>nisi</span> <span class='ocrx_word' id='word_1_363' title='bbox 1351 2700 1482 2749; x_wconf 85' lang='lat' dir='ltr'>aptius</span> <span class='ocrx_word' id='word_1_364' title='bbox 1513 2699 1734 2738; x_wconf 85' lang='lat' dir='ltr'>videbatur.</span> 
     </span>
     <span class='ocr_line' id='line_1_38' title="bbox 243 2764 1734 2818; baseline 0.001 -16"><span class='ocrx_word' id='word_1_365' title='bbox 243 2764 303 2802; x_wconf 87' lang='lat' dir='ltr'>Fl.</span> <span class='ocrx_word' id='word_1_366' title='bbox 337 2765 513 2802; x_wconf 86' lang='lat' dir='ltr'>Brixium</span> <span class='ocrx_word' id='word_1_367' title='bbox 551 2769 709 2803; x_wconf 83' lang='lat' dir='ltr'>secutus</span> <span class='ocrx_word' id='word_1_368' title='bbox 748 2767 1012 2816; x_wconf 83' lang='lat' dir='ltr'>transposuit:</span> <span class='ocrx_word' id='word_1_369' title='bbox 1071 2766 1157 2813; x_wconf 83' lang='lat' dir='ltr'>„Ad</span> <span class='ocrx_word' id='word_1_370' title='bbox 1202 2768 1370 2818; x_wconf 87' lang='lat' dir='ltr'>papillas</span> <span class='ocrx_word' id='word_1_371' title='bbox 1416 2780 1554 2804; x_wconf 89' lang='lat' dir='ltr'>manus</span> <span class='ocrx_word' id='word_1_372' title='bbox 1591 2765 1734 2815; x_wconf 85' lang='lat' dir='ltr'>ferat“‚</span> 
     </span>
    </p>
   </div>
  </div>
 </body>
</html>
