1897 3171
140 971 435 1038 Aulularia,
468 991 516 1028 ab
540 990 629 1028 aula
653 984 819 1037 (aulula)
844 988 925 1025 sive
950 987 1027 1024 olla
1052 983 1221 1033 (ollula),
1249 989 1308 1023 est
1331 984 1475 1031 fabula,
1502 986 1541 1022 in
1567 999 1644 1034 qua

147 1059 195 1097 de
227 1060 306 1098 olla-
337 1056 469 1107 agitur
500 1059 586 1096 auri
618 1058 737 1107 plena
775 1058 816 1094 in
857 1056 972 1094 domo
1003 1055 1190 1104 pauperis
1223 1057 1263 1091 et
1294 1053 1445 1091 sordidi
1476 1053 1642 1090 hominis

145 1129 426 1177 necopinanter
456 1129 626 1176 reperta.
687 1124 825 1162 Euclio
863 1137 982 1162 senex
1022 1136 1108 1162 cum
1147 1123 1263 1160 unica
1303 1121 1384 1158 filia
1415 1121 1572 1171 inopem
1605 1125 1644 1158 et

147 1197 332 1234 miseram
363 1196 488 1233 vitam
519 1194 619 1242 agit,
658 1206 730 1231 nec
762 1196 942 1243 repertus
982 1193 1022 1229 in
1061 1190 1212 1229 aedibus
1242 1189 1452 1227 thesaurus
1484 1202 1643 1227 avarum

147 1264 349 1302 hominem
393 1263 595 1313 perducit,
659 1266 704 1299 ut
757 1261 973 1312 quidquam
1027 1259 1075 1297 de
1120 1262 1213 1297 vitae
1258 1259 1409 1296 ratione
1456 1258 1642 1295 demutet.

144 1333 267 1370 Immo
297 1345 436 1370 aurum
469 1331 583 1368 anxie
615 1334 747 1368 servat
777 1329 876 1367 nihil
900 1331 1029 1378 magis
1053 1329 1205 1366 veritus
1236 1340 1364 1377 quam,
1393 1340 1440 1364 ne
1468 1326 1644 1363 homines

147 1403 349 1450 repertum
387 1412 470 1437 esse
508 1399 732 1437 resciscant.
809 1398 970 1436 Servam
1009 1398 1147 1443 etiam,
1195 1408 1312 1446 quam
1351 1395 1474 1433 solam
1513 1394 1643 1440 habet,

147 1482 196 1506 ne
228 1468 324 1518 quid
355 1468 582 1517 comperiat,
623 1467 737 1505 domo
768 1466 909 1504 eiicere
940 1465 1055 1513 solet,
1096 1466 1279 1515 quotiens
1309 1464 1450 1501 timore
1481 1466 1645 1500 vexatus

149 1537 344 1586 inspicere
376 1537 495 1585 cupit,
527 1549 621 1573 num
651 1535 728 1573 olla
759 1535 870 1573 salva
900 1535 962 1572 sit.
1023 1533 1206 1570 Vicinum
1235 1531 1358 1570 habet
1387 1531 1645 1580 Megadorum

150 1605 347 1642 hominem
387 1603 550 1642 divitem
596 1607 635 1642 et
673 1602 866 1650 caelibem,
915 1615 1029 1652 quem
1074 1601 1188 1639 senili
1235 1603 1353 1638 aetate
1399 1612 1443 1636 eo
1492 1601 1645 1636 animus

151 1672 321 1721 induxit,
346 1685 421 1723 quo
446 1685 534 1710 eum
558 1672 704 1710 sororis
721 1670 923 1709 Eunomiae
949 1670 1164 1708 admonitio
1186 1667 1403 1719 perducere
1428 1666 1645 1714 studuerat,

150 1744 196 1779 ut
225 1754 388 1779 uxorem
419 1740 560 1778 ducere
591 1743 764 1790 cuperet.
819 1739 856 1777 Is
879 1738 1082 1776 Euclionis
1106 1736 1227 1774 filiam
1259 1736 1334 1774 sibi
1365 1738 1489 1785 optat,
1522 1748 1647 1784 neque

151 1809 314 1856 Euclio,
357 1808 536 1858 quamvis
567 1809 788 1858 suspicetur
819 1821 906 1845 eum
937 1806 1026 1845 ideo
1059 1805 1328 1844 condicionem
1358 1804 1458 1841 hanc
1492 1816 1645 1852 cupere,

152 1877 244 1927 quia
287 1877 514 1915 thesaurum
558 1880 758 1927 repertum
805 1889 888 1914 esse
934 1876 1188 1926 compererit,
1236 1885 1379 1923 negare
1425 1871 1562 1918 audet,
1611 1874 1648 1908 et

152 1944 275 1983 filiam
306 1945 388 1982 seni
419 1944 640 1994 despondet
670 1945 903 1983 indotatam.
966 1943 1125 1993 Nuptiae
1156 1943 1197 1979 in
1228 1941 1394 1979 eundem
1426 1941 1529 1977 diem
1560 1952 1648 1977 con-

150 2015 394 2060 stituuntur,
435 2017 475 2050 et
505 2013 765 2062 Megadorus,
807 2016 851 2051 ut
888 2013 994 2050 laute
1033 2014 1073 2049 et
1110 2023 1182 2060 pro
1215 2023 1284 2047 sua
1314 2022 1356 2046 re
1387 2008 1647 2054 celebrentur,

154 2085 193 2120 et
223 2081 381 2120 domum
412 2081 461 2118 ad
491 2096 531 2120 se
562 2086 602 2120 et
632 2083 673 2119 in
703 2082 905 2120 Euclionis
938 2080 1041 2118 aedes
1072 2079 1297 2129 opsonium,
1346 2090 1515 2126 coquos,
1555 2076 1647 2113 tibi-

154 2155 262 2191 cinas
299 2154 435 2191 mittit.
519 2150 709 2189 Euclione
760 2150 922 2187 absente
972 2161 1120 2198 coquus
1165 2148 1206 2184 in
1252 2146 1353 2183 aedes
1399 2146 1481 2182 eius
1526 2146 1648 2181 intro-

154 2221 324 2269 ducitur,
357 2234 472 2271 quem
497 2220 676 2257 dominus
700 2218 825 2255 redux
854 2217 1014 2263 veritus,
1040 2230 1088 2253 ne
1111 2216 1342 2253 thesaurum
1358 2214 1464 2251 furto
1483 2213 1647 2258 auferat,

154 2290 256 2327 male
273 2290 485 2327 mulcatum
502 2289 628 2334 eiicit3
660 2288 745 2337 ipse
762 2286 878 2323 ollam
895 2298 942 2322 ex
960 2284 1109 2322 aedibus
1126 2283 1307 2322 effossam
1323 2284 1454 2332 potius
1479 2283 1519 2318 in
1535 2281 1649 2317 Fidei

153 2357 237 2395 aede
269 2357 435 2395 condere
467 2359 642 2394 conatur.
718 2354 832 2401 Quod
870 2353 1017 2391 factum
1056 2366 1175 2403 quum
1215 2366 1292 2389 non
1330 2351 1492 2388 latuisse
1524 2349 1648 2397 suspi-

156 2429 278 2473 cetur,
311 2425 429 2463 ollam
459 2425 551 2461 hinc
582 2436 737 2473 quoque
775 2425 966 2459 remotam
1002 2425 1112 2458 extra
1142 2420 1279 2458 urbem
1312 2421 1351 2457 in
1383 2418 1530 2456 Silvani
1561 2417 1649 2453 luco

155 2493 320 2533 defodit.
397 2493 493 2540 Sed,
541 2492 609 2542 qui
655 2505 742 2529 eum
787 2491 887 2528 clam
925 2490 1226 2535 observaverat,
1274 2487 1467 2526 Strobilus
1514 2497 1649 2522 servus

156 2562 328 2610 vestigia
350 2562 431 2598 eius
457 2564 613 2598 secutus
639 2560 757 2598 ollam
781 2559 987 2596 confestim
1013 2557 1160 2604 effodit,
1193 2561 1232 2594 et
1255 2568 1385 2601 senex,
1418 2554 1649 2590 brevissimo

154 2630 349 2680 temporis
379 2629 589 2667 intervallo
620 2640 821 2674 reversus,
856 2626 1028 2663 ablatam
1059 2625 1180 2662 videt.
1250 2623 1477 2661 Eiulantem
1517 2634 1563 2657 ea
1603 2619 1649 2656 de

157 2710 274 2735 causa
304 2700 344 2735 et
373 2697 624 2734 vehementer
655 2699 882 2746 querentem
914 2694 1131 2744 Lyconides
1163 2692 1377 2740 alloquitur
1408 2689 1648 2734 adulescens,

143 2764 361 2804 ‘Eunomiae
391 2764 507 2803 filius.
579 2765 616 2802 Is
656 2768 746 2801 ante
786 2777 923 2801 novem
962 2775 1114 2800 menses
1152 2761 1192 2796 in
1232 2758 1442 2808 pervigilio
1482 2756 1650 2805 quodam
