1854 3188
158 174 221 217 IV,
235 176 268 219 7,
286 175 418 209 10—27
806 173 1020 208 Bacchides.

157 299 310 342 Nullus
340 299 466 341 homo
500 285 623 351 dicit,
655 299 736 340 hae
767 298 955 340 tabellae
986 304 1030 340 te
1062 304 1259 352 arguunt,

155 370 277 421 Quas
309 376 357 413 tu
387 371 597 413 adtulisti.
658 370 751 421 Em,
783 370 865 412 hae
896 375 939 412 te
970 371 1125 412 uinciri
1157 371 1317 413 iubent.

756 441 1050 497 Chrysalus

1382 515 1488 557 Aha.

152 585 537 640 Bellerophontem
568 586 653 627 iam
683 591 784 627 tuus
815 600 882 627 me
912 585 1016 627 feeit
1046 583 1180 637 filius,

157 657 342 711 Egomet
372 657 558 699 tabellas
589 658 728 710 tetuli,
760 663 808 698 ut
839 658 1039 698 uineirer.
1104 655 1214 698 Sine.

761 728 1057 770 Nicobulus

153 801 394 855 Propterea
424 801 506 843 hoe
537 801 660 852 facio,
694 806 742 842 ut
773 800 957 842 suadeas
989 806 1121 854 gnato
1153 815 1260 853 meo,

157 872 217 915 Ut
246 878 551 927 pergraecetur
581 880 737 924 tecum,
771 872 1042 915 teruenefiee.

759 955 1050 1010 Chrysalus

157 1026 193 1069 Ο
227 1027 372 1079 stulte,
406 1028 551 1079 stulte,
584 1029 723 1070 neseis
755 1042 872 1069 nune
903 1028 1053 1070 uenire
1087 1034 1151 1081 te,

153 1100 297 1153 Atque
328 1101 373 1141 in
403 1114 531 1154 eopse
563 1100 713 1142 adstas
744 1099 902 1153 lapide,
934 1105 982 1141 ut
1012 1114 1169 1154 praeeo
1202 1101 1441 1155 praedicat.

752 1186 1057 1229 Nicobulus

154 1259 398 1312 Responde,
431 1259 528 1312 quis
560 1273 626 1300 me
658 1259 838 1300 uendit?

761 1345 1056 1401 Chrysalus

872 1419 1008 1469 Quem
1040 1418 1083 1460 di
1116 1418 1313 1472 diligunt,

156 1489 424 1531 Adulescens
455 1489 648 1542 moritur,
681 1490 780 1531 dum
812 1490 941 1537 ualet,
976 1491 1118 1543 sentit,
1154 1492 1280 1545 sapit.

155 1561 281 1602 Hune
313 1562 347 1602 si
377 1562 489 1603 ullus
523 1562 628 1603 deus
662 1568 840 1615 amaret,
872 1563 966 1616 plus
999 1563 1122 1604 annis
1155 1563 1314 1615 decem,

155 1632 257 1674 Plus
289 1633 374 1674 iam
406 1634 561 1687 uiginti
591 1640 808 1675 mortuum
841 1649 934 1676 esse
968 1635 1172 1689 oportuit.

152 1704 316 1747 ‘Terrae
348 1705 494 1746 odium
527 1706 605 1747 iam
639 1707 710 1746 diu
743 1705 958 1758 ambulat,
990 1707 1077 1747 iam
1108 1706 1215 1747 nihil
1248 1707 1363 1760 sapit

154 1777 244 1818 Nec
276 1777 429 1831 sentit3
461 1778 630 1829 tantist,
663 1778 858 1830 quantist
888 1778 1043 1832 fungus
1076 1778 1266 1832 putidus.

754 1864 791 1905 N
804 1864 920 1906 ieob
933 1880 958 1906 u
971 1865 1023 1905 lu
1035 1879 1053 1906 s

151 1935 250 1976 vTun
282 1941 426 1978 terrae
459 1951 524 1979 me
557 1937 701 1978 odium
734 1950 827 1977 esse
861 1937 1087 1978 autumas‘.>
1148 1936 1362 1979 Abducite
1395 1937 1508 1979 hune

151 2007 275 2049 Intro
309 2013 440 2062 atque
473 2007 730 2062 adstringite
764 2007 818 2049 ad
851 2008 1095 2050 columnam
1127 2008 1310 2051 fortiter.

152 2078 402 2134 Numquam
434 2080 602 2122 auferes
633 2080 733 2121 hino
765 2095 931 2122 aurum.

760 2167 1056 2222 Chrysalus

986 2240 1118 2292 Atqui
1148 2240 1236 2281 iam
1269 2239 1406 2281 dabis.

752 2310 789 2351 N
800 2311 813 2351 i
825 2325 846 2352 c
859 2326 882 2353 o
896 2311 922 2353 b
935 2326 961 2352 u
974 2310 1026 2352 lu
1039 2326 1057 2353 s

152 2381 308 2424 Dabo?

757 2452 826 2495 Ch
837 2469 892 2509 ry
905 2469 923 2496 s
935 2454 1022 2496 alu
1034 2469 1052 2497 s

370 2526 510 2578 Atque
544 2526 690 2568 orabis
721 2540 788 2567 me
821 2526 995 2580 quidem
1025 2526 1152 2578 ultro,
1184 2532 1232 2569 ut
1265 2527 1469 2576 auferam,

1574 178 1651 217 113

1586 599 1652 633 805

1584 1114 1652 1146 810

1584 1717 1651 1750 815

1581 2536 1649 2569 820

245 2694 312 2727 805
336 2693 439 2728 Bello
465 2695 688 2739 rophantem
712 2695 760 2739 B,
787 2696 1120 2741 Bellorophontem
1147 2696 1174 2730 G
1251 2697 1316 2730 806
1342 2695 1457 2728 detuli
1484 2693 1511 2728 C
1580 2694 1646 2728 808

154 2754 397 2794 pergregetur
489 2753 555 2786 810
580 2752 618 2786 in
644 2763 685 2786 eo
711 2753 790 2797 ipso
885 2754 947 2787 311
979 2753 1138 2798 diligunt
1164 2752 1201 2786 di
1297 2753 1362 2785 815
1388 2751 1463 2785 iam
1489 2750 1551 2785 diu
1579 2760 1644 2785 om.

1353 2820 1374 2852 8
