1897 3171
819 200 861 234 V.
888 202 1034 235 47—71.
1589 207 1665 246 281

181 331 470 370 tran-§uorsum
501 336 587 379 cet„
622 332 668 369 cf.
694 331 778 369 Cat.
810 331 856 369 R.
882 331 927 369 R.
963 332 1033 369 45:
1072 344 1143 378 „ne
1168 332 1257 381 plus
1284 332 1336 369 IV
1362 332 1509 380 digitos
1540 337 1670 371 trans-

178 414 314 438 uorsos
354 399 591 439 emineant‘⁴.
653 402 726 438 48:
776 400 919 448 „altam
962 400 1128 447 digitum
1170 400 1482 439 transuorsum“.
1545 402 1668 441 Cicer.

176 470 260 507 Att.
291 470 408 517 XIII,
448 470 520 516 20,
561 471 604 506 4:
657 470 720 517 „in
759 470 863 506 omni
901 469 984 505 vita
1021 481 1092 505 sua
1131 481 1324 518 quemque
1366 483 1388 506 a
1429 474 1535 508 recta
1581 485 1668 509 con-

131 569 136 573 .
176 539 340 576 scientia
368 542 638 577 transversum
668 550 840 586 unguem
878 550 956 574 non
1004 540 1163 587 oportet
1194 535 1433 576 discedere.“
1479 539 1527 576 ad
1557 539 1666 578 Fam.

175 607 261 654 VH,
288 609 352 655 25,
380 609 422 645 2:
467 606 597 655 „Urge
629 608 763 655 igitur,
796 619 867 643 nec
893 609 1159 642 transversum
1189 618 1371 653 unguem,
1406 607 1512 656 quod
1545 610 1666 656 aiunt,

175 689 198 712 a
227 674 361 714 stilo‘⁴.
421 675 547 713 Plaut.
580 675 719 713 Bacch.
753 676 846 712 420.
892 674 1012 711 Most.
1047 675 1126 712 425
1177 672 1361 724 (.,pedem
1400 675 1580 724 latum‘).
1613 697 1668 702 ——

177 745 240 781 59.
286 740 418 782 hercle
457 745 636 794 quamvis
673 743 791 781 semel
828 744 997 792 positum
1038 743 1242 792 repetitur.
1305 743 1454 781 Similia
1499 746 1538 782 in
1576 759 1666 795 pro-

173 812 398 850 nominibus
428 813 600 850 vidimus
631 812 680 849 ad
704 812 845 861 Amph.
875 812 966 849 532.
994 832 1049 835 —
1081 809 1228 849 (ledam
1259 809 1512 861 discipulam
1544 813 1665 861 Cruci,

172 882 196 918 i.
230 894 262 919 e.
295 894 381 930 quae
413 882 453 919 in
485 894 597 919 cruce
628 881 891 918 obedientiam
925 881 1062 918 discat.
1111 879 1166 918 Cf.
1199 880 1285 918 Mil.
1323 880 1422 918 184:
1461 882 1665 928 „crucibus

173 949 466 988 contubernalis
499 947 626 988 dari“.
1606 944 1609 946 ¹

287 1019 466 1057 60-66,
507 1018 598 1056 Haec
630 1018 790 1063 Euclio,
825 1021 1035 1068 postquam
1069 1017 1258 1055 abscessit
1293 1031 1411 1064 anus,
1446 1031 1576 1056 secum
1608 1020 1664 1057 lo-

172 1089 320 1136 quitur.
356 1108 403 1112 —
440 1089 503 1125 62.
535 1084 636 1125 mihi
665 1101 752 1125 cum
785 1097 835 1124 ex
866 1087 1120 1124 coalescit.-—
1146 1088 1209 1124 64.
1242 1084 1285 1124 in
1317 1085 1516 1136 occipitio.
1550 1088 1581 1125 B
1615 1089 1662 1127 ab

170 1156 284 1193 initio
307 1155 499 1194 habuerat
522 1154 779 1206 ,‚inoccipi0“.
797 1176 852 1181 —-
871 1157 934 1193 65.
962 1155 1083 1193 estne.
1108 1155 1277 1204 Pylades
1301 1156 1467 1205 aliique:
1499 1155 1663 1205 ‚,sitne“,

169 1223 238 1260 sed
277 1224 426 1262 hiatum
469 1238 613 1262 caesura
653 1224 851 1271 defendit,
898 1224 1155 1262 indicativum
1187 1238 1223 1262 v.
1260 1226 1308 1262 63
1346 1223 1470 1271 „est‘'',
1503 1225 1581 1262 vid.
1616 1225 1664 1263 ad

168 1292 311 1343 Amph.
347 1295 410 1331 17.

285 1364 348 1400 67.
395 1361 585 1412 Staphyla
626 1376 754 1400 secum
795 1362 842 1398 de
873 1361 1112 1411 indignitate
1144 1361 1228 1399 heri
1261 1365 1300 1398 et
1330 1362 1547 1399 infortunio
1580 1367 1661 1400 tam

167 1430 302 1468 herilis
325 1430 415 1469 filiae
441 1445 554 1481 quam
582 1444 650 1468 suo
675 1432 864 1481 queritur.
923 1427 1117 1468 Noenum
1141 1434 1246 1467 recte
1270 1432 1443 1468 servavit
1470 1431 1500 1468 B
1531 1430 1661 1478 (.,Noe

166 1498 300 1546 num“,
333 1501 602 1549 suprascripto
639 1514 734 1550 „pro
767 1497 891 1546 non“;
925 1500 1027 1536 idem
1059 1500 1207 1548 repetit
1238 1499 1292 1543 D;
1325 1499 1362 1535 I:
1401 1513 1494 1544 ..nec
1528 1498 1660 1547 nsim“,

169 1571 282 1605 cett:
319 1581 411 1613 „nec
436 1567 602 1606 numen“
633 1573 700 1606 aut
723 1582 815 1614 „nec
832 1582 934 1606 nuno
951 1567 1053 1613 me“,
1087 1569 1347 1605 recentissimi
1377 1581 1476 1606 ..non
1496 1568 1659 1615 enim“).

167 1636 341 1686 Antiqua
357 1650 433 1674 vox
452 1650 497 1674 ex
515 1651 562 1674 ne
587 1641 625 1674 et
644 1650 784 1683 (enum,
818 1638 841 1675 i.
862 1651 893 1674 e.
913 1650 1044 1683 unum,
1078 1640 1279 1673 contracta
1305 1636 1500 1684 significat
1529 1634 1658 1684 „non“

169 1703 247 1752 (vel
283 1706 464 1752 „omnino
496 1703 640 1753 non“),
689 1705 792 1755 quod
832 1709 1005 1743 testatur
1037 1708 1074 1742 et
1105 1704 1349 1742 Glossarium
1382 1705 1605 1742 Plautinum
1640 1720 1662 1743 a

166 1773 383 1811 Ritschelio
415 1788 448 1812 a.
471 1776 576 1812 1846
610 1774 757 1811 editum
791 1778 827 1811 et
859 1774 1010 1811 Nonius
1042 1787 1078 1822 p.
1116 1774 1192 1811 143
1226 1778 1337 1818 extr.⁷
1372 1776 1438 1822 qui
1471 1773 1583 1811 affert.
1615 1788 1661 1811 ex

167 1842 319 1880 Lucilio
352 1841 492 1890 (XXX,
527 1842 614 1888 23);
665 1843 784 1893 „quid
819 1841 909 1890 [rei]
944 1846 1020 1888 est,
1055 1843 1085 1879 si
1118 1855 1285 1878 noenum
1318 1842 1523 1879 molestum
1558 1841 1656 1889 est“,

167 1925 213 1948 ex
229 1911 425 1949 Varrone:
461 1913 517 1960 „si
549 1912 665 1950 hodie
697 1925 864 1950 noenum
894 1912 1015 1958 venis,
1049 1924 1134 1948 cras
1161 1909 1359 1960 quidem‘'.
1407 1909 1530 1947 Extat
1555 1911 1659 1960 apud

166 1979 322 2018 Lucret.
355 1980 426 2028 IV,
460 1982 539 2018 712
573 1984 613 2018 et
643 1980 721 2027 III,
766 1979 864 2026 199,
912 1980 962 2017 ad
1001 1993 1116 2028 quem
1156 1980 1283 2016 locum
1317 1979 1590 2017 Lachmannus
1622 1984 1660 2017 et

166 2048 308 2085 Lucilii
340 2062 495 2087 versum
529 2050 712 2087 emendat
742 2053 781 2087 et
804 2048 922 2086 Ennii
955 2062 1017 2098 ap.
1037 2048 1113 2085 Cic.
1133 2048 1215 2085 Cat.
1236 2050 1324 2085 mai.
1353 2048 1389 2094 4,
1428 2049 1496 2085 10:
1533 2048 1656 2096 „Noe-

164 2130 256 2154 num
288 2113 421 2166 (codd.
439 2118 526 2155 Non
556 2116 675 2166 enim)
702 2131 878 2156 rumores
901 2118 1076 2167 ponebat
1100 2121 1190 2154 ante
1216 2114 1423 2154 salutem“.
1470 2116 1655 2164 Wagner.

165 2185 277 2223 addit
312 2185 412 2224 Enn.
451 2187 592 2224 Annal.
637 2188 735 2224 161:
786 2186 968 2233 „Somnia
1008 2200 1100 2224 vera
1142 2187 1312 2236 aliquot,
1353 2201 1488 2225 verum
1530 2188 1657 2225 omnia

164 2249 306 2291 noenu'
326 2252 454 2302 (codd.
468 2268 544 2294 non
563 2251 684 2303 nunc)
702 2268 858 2292 necesse
876 2254 1062 2293 est“.411
1082 2271 1088 2292 :
1121 2255 1326 2301 „Noenum
1346 2252 1475 2305 (codd.
1495 2256 1582 2293 Non
1600 2254 1656 2302 in)

165 2323 363 2372 sperando
403 2324 544 2374 cupide
578 2337 660 2361 rem
693 2323 858 2373 prodere
890 2322 1120 2362 summam“.
1183 2324 1300 2374 Apud
1332 2324 1512 2361 Plautum
1545 2325 1655 2360 resti-

164 2391 352 2429 tuendum
393 2397 453 2429 est
484 2393 569 2430 Mil.
605 2393 706 2429 648:
772 2392 893 2439 „Post
923 2391 1069 2442 Ephesi
1109 2407 1191 2430 sum
1232 2396 1366 2438 natus,
1414 2406 1583 2429 noenum
1616 2395 1654 2429 in

162 2459 322 2510 Apulis,
369 2474 539 2498 noenum
570 2459 808 2508 Animulae“‚
856 2465 895 2499 et
933 2462 1099 2499 fortasse
1142 2461 1245 2498 alibi.
1283 2481 1329 2485 —-
1366 2470 1436 2508 esso
1474 2461 1654 2497 ultimam

162 2528 360 2578 producit,
392 2543 427 2567 v.
452 2530 606 2578 Proleg.
639 2544 677 2580 p.
707 2532 805 2575 1953
852 2530 1019 2567 Bothius
1050 2531 1195 2579 aliique
1228 2532 1507 2578 transponunt:
1559 2542 1654 2578 „ego

163 2603 270 2634 ero''.
294 2617 350 2622 -—-
383 2598 446 2635 (59.
480 2598 576 2635 Post
608 2595 849 2636 r·0nmeefm'.s‘(·2'
878 2599 1010 2636 hiatus
1037 2600 1075 2635 in
1101 2612 1267 2643 caesura,
1300 2597 1420 2633 Koch.
1447 2598 1485 2633 in
1510 2597 1650 2634 Annal.

161 2665 258 2715 phil.
284 2666 398 2712 CVII,
430 2680 468 2716 p.
497 2668 575 2704 840
607 2671 752 2704 temere
782 2666 1111 2715 „conminiscere‘⁴
1148 2667 1326 2703 coniecit.
1387 2664 1482 2702 Mox
1516 2665 1544 2701 Β
1576 2678 1653 2702 non

161 2736 289 2771 minus
321 2748 437 2783 quam
470 2736 590 2771 ceteri
623 2735 756 2773 codd:
800 2737 882 2783 „it-a
912 2749 972 2773 me
1004 2732 1231 2779 1nisera1n“;
1265 2732 1428 2770 deinde:
1473 2731 1647 2780 „adhuc“

161 2814 353 2851 suprascr.
398 2800 488 2849 „n“.
521 2823 574 2827 --
607 2805 670 2840 71.
717 2801 997 2854 intemperiae,
1050 2802 1172 2839 turbae
1220 2806 1257 2838 et
1305 2803 1414 2851 quasi
1460 2801 1641 2851 procellae
