1854 3188
189 209 207 246 1
216 208 267 248 90
862 205 982 238 Plauti
1420 204 1484 246 IV,
1499 205 1519 237 2
1545 205 1678 238 10—30

792 330 1076 383 Ergasilus

186 403 314 444 Moue
346 402 422 444 abs
453 405 496 443 te
528 415 694 442 moram
726 405 867 455 atque,
901 401 1111 456 Ergasile,
1143 415 1221 455 age
1254 401 1365 442 hanc
1394 415 1498 442 rem.

186 474 328 516 Minor
358 473 712 526 inim-minorque,
744 488 795 514 ne
829 475 924 527 quis
957 475 1015 514 mi
1046 473 1113 514 hic
1144 473 1362 514 obstiterit
1394 472 1577 523 obuiam,
1613 482 1680 516 785

186 547 282 588 Nisi
314 547 388 599 qui
421 545 528 587 satis
561 545 634 586 diu
665 545 827 586 uixisse
860 559 954 586 sese
987 537 1114 586 hoino
1146 543 1451 595 arbitrabitur3

187 618 299 660 Nam
330 618 405 670 qui
436 617 667 667 obstiterit7
701 631 774 658 ore
808 617 947 657 sistet.

853 688 892 729 H
907 707 922 729 1
938 706 961 741 g
975 689 987 729 l
999 702 1022 730 O

968 759 1048 801 Hic
1080 759 1206 802 homo
1239 760 1483 814 pugilatum
1514 759 1680 813 incipit.

794 831 1078 884 Ergasilus

188 903 349 945 Facere
382 906 601 944 certumst.
673 903 856 945 Proinde
889 904 952 944 ita
984 917 1130 945 omnes
1163 904 1323 945 itinera
1353 904 1560 945 insistant
1591 917 1682 954 sua,

189 975 252 1016 Ne
285 975 379 1028 quis
410 975 454 1015 in
486 974 596 1016 hanc
628 975 817 1028 plateam
848 975 995 1028 negoti
1027 975 1222 1017 conferat
1255 975 1494 1029 quidquam
1526 976 1602 1017 sui.

189 1047 299 1088 Nam
330 1061 449 1089 meus
477 1050 543 1087 est
569 1045 745 1088 ballista
771 1060 951 1100 pugnus.¹
985 1047 1158 1088 cubitus
1184 1048 1450 1101 catapultast
1474 1047 1591 1099 mihi,
1617 1057 1684 1091 790

189 1118 404 1159 Humerus
421 1119 559 1169 aries;
590 1122 682 1159 tum
707 1132 818 1172 genu
842 1122 891 1159 ut
908 1132 1119 1173 quemque
1136 1120 1264 1170 icero,
1296 1119 1349 1160 ad
1367 1122 1530 1160 terram
1547 1119 1682 1170 dabo3

190 1190 438 1244 Dentilegos
472 1191 611 1231 omnis
644 1190 839 1231 mortalis
871 1190 1039 1237 faciam„
1074 1205 1285 1245 quemque
1317 1190 1547 1232 offendero.

857 1262 1028 1316 Hegio

191 1334 308 1385 Quae
340 1334 466 1376 illaec
497 1338 565 1375 est
596 1334 802 1375 minatio?
834 1348 934 1376 nam
965 1348 1132 1388 nequeo
1164 1334 1314 1375 mirari
1347 1334 1466 1375 satis.

799 1406 1080 1460 Ergasilus

189 1478 377 1529 Faciam,
411 1482 457 1519 ut
488 1477 613 1519 liuius
647 1477 730 1518 diei
762 1477 930 1531 locique
962 1479 1131 1532 meique
1165 1491 1334 1530 semper
1364 1476 1620 1518 meminerit.

195 1549 277 1600 Qui
303 1549 408 1591 mihi
432 1550 476 1591 in
504 1563 631 1591 cursu
657 1549 888 1600 obstiterit,
912 1549 1012 1591 faxo
1036 1550 1154 1591 uitae
1178 1550 1214 1590 is
1240 1549 1459 1591 obstiterit
1476 1561 1592 1589 suae.
1619 1558 1686 1592 795

856 1622 1024 1675 Hegio

194 1693 306 1744 Quid
336 1694 405 1736 hic
436 1693 564 1735 homo
597 1697 768 1735 tantum
801 1693 1013 1747 incipissit
1051 1693 1194 1735 facere
1235 1707 1330 1734 cum
1369 1693 1500 1733 tantis
1533 1691 1685 1732 minis‘?

801 1765 1081 1819 Ergasilus

191 1836 316 1879 Prius
350 1837 485 1889 edico,
517 1852 569 1879 ne
603 1838 700 1891 quis
733 1841 912 1891 propter
944 1838 1116 1891 culpam
1148 1837 1346 1890 capiatur
1377 1849 1519 1877 suam:

193 1908 421 1951 Continete
453 1923 531 1951 uos
565 1909 692 1958 domi,
726 1909 953 1962 prohibete
986 1924 1010 1951 a
1040 1908 1164 1950 uobis
1197 1909 1283 1949 uim
1316 1922 1467 1949 meam.

858 1980 1023 2034 Hegio

191 2052 303 2093 Mira
334 2052 488 2106 edepol
520 2056 631 2103 sunt,
672 2053 716 2093 111
747 2051 817 2093 hic
848 2052 891 2092 in
923 2057 1123 2093 uentrem
1155 2051 1337 2104 sumpsit
1369 2049 1684 2091 confidentiam.

191 2124 284 2166 Uae
316 2123 471 2165 misero
503 2123 577 2174 illi,
610 2124 761 2176 quoius
795 2123 890 2164 cibo
922 2125 1000 2164 iste
1032 2123 1194 2165 factust
1225 2122 1492 2176 inperiosior.
1621 2133 1688 2166 800

793 2195 1085 2248 Ergasilus

192 2267 302 2309 Tum
333 2267 519 2321 pistores
553 2266 815 2321 scrofipasci‚
848 2268 922 2320 qui
953 2267 1074 2308 alunt
1104 2265 1261 2307 furfuri
1293 2279 1402 2316 sueS‚

194 2338 386 2389 Quarum
419 2338 550 2380 odore
582 2339 820 2392 praeterire
852 2353 977 2380 nemo
1009 2339 1244 2393 pistrinum
1274 2341 1433 2391 potest,

190 2412 354 2453 Eorum
387 2411 422 2452 si
454 2411 743 2465 quoiusquam
776 2410 960 2452 scrofam
992 2410 1035 2451 in
1067 2410 1242 2464 publico
1276 2422 1556 2463 conspexero,

191 2483 256 2524 Ex
286 2484 391 2537 ipsis
423 2483 607 2524 dominis
639 2483 743 2523 meis
774 2483 927 2536 pugnis
959 2482 1192 2524 exculcabo
1225 2480 1426 2522 furfures.

284 2667 350 2701 785
374 2666 528 2700 Eminor
601 2665 693 2699 mihi
719 2665 906 2700 obstiterit
978 2667 1044 2699 786
1070 2666 1149 2710 quis
1222 2667 1288 2699 788
1313 2664 1469 2709 proinde
1494 2667 1535 2698 ut
1560 2675 1687 2699 omnes

191 2725 258 2758 739
282 2723 350 2757 hac
375 2723 498 2767 platea
576 2724 639 2756 791
667 2723 713 2756 ad
739 2734 920 2766 quemque
946 2722 1068 2756 iecero
1141 2723 1206 2756 793
1232 2721 1443 2756 eminatiost
1514 2722 1581 2756 '794
1607 2721 1685 2754 eius

192 2781 258 2815 795
283 2781 313 2815 is
339 2779 523 2824 extemplo
551 2779 738 2814 obstiterit
807 2780 870 2813 801
897 2777 1036 2814 furfure
