1897 3171
281 185 329 223 31
339 185 361 223 6
920 182 1118 216 Aulularia.

285 310 437 356 „Uerba
476 311 599 347 multa
639 308 841 348 facimus“.
901 312 952 349 ib.
987 314 1085 350 393:
1138 312 1251 359 „Tibi
1288 326 1438 349 moram
1470 313 1581 350 dictis
1613 311 1759 350 creas“.

279 379 364 415 Ter.
390 379 489 417 Eun.
525 381 624 416 754:
662 379 843 426 „Odiosa,
877 378 1041 417 cessas“.
1089 381 1228 427 Quare,
1261 384 1306 417 ut
1336 382 1375 417 in
1406 395 1447 417 re
1479 381 1610 427 (lubia,
1644 383 1761 417 inter-

278 448 441 498 rogandi
473 448 626 495 signum
658 449 783 485 omisi.

395 654 472 690 390
499 666 583 702 sqq.
633 652 734 690 Dum
758 653 894 691 Euclio
927 654 1083 690 domum
1116 654 1250 699 intrat,
1283 654 1459 691 Anthrax
1483 668 1529 691 ex
1554 655 1761 702 Megadori

279 720 426 758 aedibus
458 723 539 757 exit
570 725 766 770 artoptam
799 737 820 758 a
851 722 1070 769 Congrione
1101 723 1312 770 petIturus.
1381 723 1541 760 Interim
1581 723 1675 772 quid
1707 723 1761 760 fa-

279 788 457 826 ciendum
499 790 562 835 sit,
607 790 852 827 adiutoribus
893 791 972 826 suis
1011 790 1092 826 sive
1132 788 1334 839 discipulis
1366 788 1418 836 (v.
1452 791 1549 837 402)
1582 792 1761 841 imperat,

279 871 458 907 squamas
486 857 661 907 piscibus
692 858 901 905 tollendas,
936 870 1077 906 congro
1110 860 1149 893 et
1181 871 1359 895 muraenae
1392 872 1479 895 ossa
1511 859 1761 906 extrahenda,

276 926 424 973 gallum
463 926 606 973 plumis
646 926 882 963 nudandum.
951 926 1154 974 Scriptura
1192 926 1266 963 loci
1307 940 1352 963 ex
1389 927 1518 964 Nonio
1558 927 1763 964 emendata

277 998 345 1041 est,
380 995 446 1043 qui
477 1008 513 1043 p.
549 996 619 1030 95:
669 991 966 1044 .,D(⁷.5qu(cmcct,
999 995 1171 1042 squamis
1203 996 1386 1044 expoliat.
1446 995 1609 1032 Plautus
1642 995 1762 1032 Aulu-

277 1063 400 1100 laria:
433 1063 601 1100 Dromae
634 1062 848 1111 desquama
878 1063 1006 1112 piscis,
1038 1065 1082 1099 tu
1113 1062 1312 1100 Macherio
1338 1063 1535 1111 Gongrum
1563 1077 1764 1101 murenam

277 1130 470 1168 exdorsua
516 1134 706 1179 quantum
753 1130 902 1181 potes“.
980 1135 1018 1168 et
1056 1144 1092 1179 p.
1145 1132 1213 1168 17:
1274 1127 1589 1179 „Ea'dorsuarffi
1646 1132 1762 1170 dorso

277 1199 437 1237 nudare.
499 1199 659 1236 Plautus
691 1200 914 1236 Aulularia:
960 1203 1004 1236 tu
1034 1199 1208 1237 Macerio
1241 1199 1435 1248 Congrum
1469 1214 1668 1238 murenam
1700 1214 1764 1237 ex-

277 1268 420 1305 dorsua
452 1271 644 1317 quantum
675 1266 829 1318 potes“.
891 1268 1138 1305 Camerarius
1184 1281 1231 1305 ne
1271 1268 1541 1306 Plautiuorum
1588 1269 1764 1306 codicum

276 1338 472 1386 scriptura
517 1350 603 1373 cum
642 1336 770 1374 Nonio
815 1340 1029 1386 pugnaret,
1077 1336 1267 1374 excidisse
1310 1337 1459 1386 aliquid
1500 1338 1676 1387 putavit,
1723 1339 1766 1373 ut

275 1405 441 1455 legeret:
494 1405 711 1454 „Congrum
744 1418 954 1443 muraenam
994 1405 1187 1442 exdorsua
1226 1408 1413 1454 quantum
1460 1408 1572 1454 potes
1619 1403 1766 1454 [Atque

276 1474 423 1521 omnia,
467 1473 557 1510 dum
590 1473 727 1511 absum
758 1472 879 1520 hinc,]
928 1477 1106 1511 exossata
1136 1474 1196 1510 fac
1227 1470 1369 1520 sient“⁷
1413 1487 1550 1523 parum
1582 1474 1762 1511 feliciter.

276 1541 468 1580 Gruterus
509 1542 702 1580 intellexit
739 1543 874 1590 ignoto
912 1542 1030 1579 verbo
1074 1541 1312 1588 „exdorsua“
1360 1544 1656 1589 grammaticum
1695 1542 1765 1578 ali-

276 1624 390 1659 quem
429 1610 677 1648 substituisse
719 1614 922 1658 „exossata
961 1609 1057 1648 etc.“
1124 1608 1455 1660 („desquammari
1493 1614 1532 1648 et
1563 1610 1766 1647 exdorsari

276 1678 426 1728 pisces“
472 1679 588 1729 Apul.
622 1679 669 1716 de
700 1679 805 1727 Mag.
839 1677 922 1726 42.)
1013 1674 1217 1728 C'onyrum
1256 1690 1502 1726 muraenam,
1536 1679 1764 1727 asyndeton,

276 1761 310 1784 v.
348 1748 394 1784 ad
428 1747 569 1797 Amph.
604 1749 696 1785 891.
767 1748 898 1785 Pisces
937 1748 1090 1797 cognati
1120 1749 1277 1796 generis
1308 1753 1410 1786 sunt.
1483 1748 1633 1797 (longer
1664 1760 1765 1784 com-

278 1820 520 1853 memoratur
569 1818 687 1853 etiam
734 1816 817 1854 Mil.
860 1817 961 1862 7603
1015 1819 1181 1866 uterque
1225 1816 1331 1854 Pers.
1377 1819 1466 1854 lll.
1549 1816 1648 1853 Plin.
1695 1815 1762 1861 IX,

278 1887 341 1930 20,
363 1886 425 1929 36,
447 1886 518 1921 72:
558 1884 825 1930 „Mai-inorum
854 1885 920 1921 alii
947 1888 1036 1922 sunt
1061 1885 1182 1933 plani,
1215 1889 1259 1922 ut
1275 1885 1442 1931 rhombi,
1477 1886 1592 1923 soleae
1611 1898 1654 1921 ac
1672 1897 1760 1933 pas-

279 1967 383 1989 seres
414 1978 423 1988 .
451 1983 458 1990 .
487 1983 516 1999 .,
552 1953 616 1989 alii
654 1953 780 2002 longi,
821 1957 864 1989 ut
903 1967 1076 1999 murena,
1119 1966 1271 2002 conger.
1306 1974 1357 1978 ——
1392 1954 1588 2003 (succulum
1624 1952 1767 2001 pote-St

278 2024 383 2058 recte
430 2023 667 2058 recentiores
717 2021 824 2067 edd.‚
871 2035 906 2059 v.
940 2021 988 2057 ad
1027 2021 1169 2071 Amph.
1203 2023 1296 2060 964.
1337 2043 1390 2047 ——-
1430 2024 1522 2059 392.
1570 2017 1763 2069 Ανίθρία,

278 2090 471 2138 ἀρτόπτης,
518 2090 633 2137 vulgo
666 2089 869 2126 dicebatur
907 2089 1021 2127 homo
1061 2092 1172 2139 panis
1210 2090 1377 2128 faciendi
1416 2091 1585 2141 peritus,
1632 2091 1764 2138 itaque

278 2158 475 2195 intellexit
506 2158 655 2194 Plinius
695 2158 742 2195 H.
775 2157 822 2194 N.
855 2158 1004 2205 XVIII,
1049 2160 1117 2205 ll,
1153 2161 1216 2206 28,
1254 2161 1349 2197 107:
1402 2159 1600 2206 „Pistores
1631 2156 1764 2195 Romae

278 2240 354 2264 non
400 2227 510 2264 fuere
551 2227 599 2264 ad
638 2227 837 2264 Persicum
884 2240 1007 2276 usque
1053 2226 1218 2273 bellum,
1272 2229 1347 2277 ipsi
1386 2241 1527 2277 panem
1568 2225 1766 2263 faciebant

278 2296 467 2342 Quirites,
507 2295 793 2344 mulierumque
830 2295 869 2332 id
909 2308 1006 2344 opus
1037 2296 1201 2332 maxime
1234 2300 1336 2342 erat,
1384 2297 1483 2332 sicut
1514 2296 1631 2332 etiam
1663 2307 1766 2331 nunc

276 2365 316 2400 in
347 2364 526 2413 plurimis
557 2364 746 2411 gentium.
806 2363 997 2413 Artoptas
1035 2365 1114 2400 iam
1144 2363 1306 2401 Plautus
1345 2364 1518 2414 appellat
1548 2365 1587 2400 in
1618 2363 1762 2409 fabula,

278 2445 393 2481 quam
409 2431 651 2469 Aululariam
668 2432 880 2481 inscripsit,
900 2444 1040 2481 magna
1064 2432 1113 2470 ob
1131 2433 1170 2469 id
1196 2435 1486 2470 concertatione
1504 2431 1762 2478 eruditorum,

278 2501 374 2537 anis
390 2513 526 2537 versus
542 2503 669 2550 poetae
692 2501 743 2537 sit
766 2500 891 2547 illius,
925 2505 1150 2550 certumque
1174 2501 1219 2539 fit
1234 2502 1325 2539 Atei
1342 2502 1545 2551 Capitonis
1567 2503 1765 2538 sententia

278 2581 389 2606 cocos
427 2572 509 2606 tum
539 2582 680 2619 panem
709 2568 943 2606 lautioribus
970 2582 1133 2618 coquere
1158 2570 1307 2617 solitos,
1340 2571 1584 2619 pistoresque
1609 2572 1763 2606 tantum

280 2651 358 2684 eOS,
391 2638 458 2687 qui
483 2637 542 2674 far
565 2637 786 2687 pinsebant,
819 2635 1080 2674 nominatos“.
1128 2637 1203 2674 Sed
1227 2638 1298 2675 hoc
1324 2638 1410 2676 loco
1427 2651 1495 2674 vas
1512 2637 1761 2685 intelligitur,

280 2720 357 2756 quo
389 2706 439 2743 ad
469 2719 610 2756 panem
635 2705 854 2744 faciendum
879 2709 946 2742 aut
968 2705 1194 2742 torrendum
1218 2706 1442 2752 utebantur,
1474 2707 1514 2742 τὸ
1540 2707 1662 2747 σκεῦος
1687 2709 1722 2742 ἓν
1739 2700 1765 2754 ᾧ

278 2776 357 2817 τοὺς
375 2775 501 2824 ἄρτους
517 2776 729 2818 §vomebam
761 2774 863 2825 quod
889 2774 1022 2811 eodem
1050 2775 1207 2811 nomine
1232 2774 1473 2824 appellatum
1497 2788 1578 2812 esse
1594 2778 1764 2812 testatur
