1854 3188
264 201 341 239 XII
916 197 1099 233 Praefatio.

379 327 520 376 Itaque
551 340 599 364 ne
636 327 677 363 in
707 327 885 364 versibus
917 327 1074 377 quidem
1114 326 1335 377 pangendis
1375 325 1557 364 Plautum
1595 341 1748 378 semper

267 399 342 436 sibi
374 399 595 437 constitisse
627 398 917 437 affirmaverim.
967 398 1216 436 Canticorum
1247 399 1352 448 leges
1384 400 1562 447 quamvis
1593 412 1747 437 accura-

263 472 414 508 tissime
446 470 737 508 Studemundus
776 470 966 518 indagare
998 473 1159 508 conatus
1190 472 1253 516 sit,
1292 473 1424 506 tamen
1454 469 1554 508 nihil
1583 483 1748 520 prorsus

266 543 362 580 certi
402 545 470 579 aut
508 542 615 592 quod
651 542 763 580 nobis
803 542 957 591 placere
995 543 1120 591 possit
1159 542 1359 578 inventum
1406 544 1487 588 est,
1535 545 1573 579 et
1615 543 1748 580 multis

264 614 358 651 locis
390 614 485 663 quid
515 614 677 652 Plautus
708 614 878 652 voluerit
907 615 1154 662 ignoramus,
1197 612 1301 663 quod
1340 614 1434 662 quin
1464 614 1588 663 ipsius
1618 619 1749 664 poetae

265 687 397 735 aliqua
428 686 544 736 culpa
573 686 718 723 factum
749 687 811 733 sit,
843 685 929 723 fieri
960 686 1026 723 vix
1055 688 1197 735 potest,
1271 684 1361 721 Alia
1390 685 1494 722 ratio
1526 689 1586 722 est
1616 699 1749 724 eorum

263 770 458 804 versuum,
483 770 648 807 quorum
665 761 772 794 certa
797 761 836 794 et
859 760 1040 794 constans
1063 757 1188 794 forma
1211 760 1282 803 est,
1307 756 1415 793 velut
1438 759 1750 806 septenariorum

266 834 305 866 et
343 830 600 867 senariorum.
676 829 757 866 Hos
794 833 951 878 poetam
991 829 1167 866 videmus
1205 828 1309 865 felici
1347 829 1501 877 ingenio
1539 830 1749 879 praeditum

264 901 496 950 plerumque
527 902 694 951 optimos
724 900 881 946 fecisse3
923 900 991 937 sed
1032 913 1151 950 quum
1190 901 1304 938 huius
1342 901 1470 951 poesis
1509 914 1629 950 genus
1661 905 1749 939 aute

266 973 397 1010 omnia
425 973 659 1023 postularet,
700 976 746 1010 ut
777 972 975 1022 quidquid
1006 972 1154 1009 dictum
1187 977 1288 1009 esset
1319 972 1432 1010 facile
1462 973 1751 1023 intelligeret-ur

264 1058 333 1081 nec
365 1058 387 1082 a
417 1045 568 1094 vulgari
599 1044 799 1082 hominum
830 1057 1007 1082 sermone
1039 1044 1282 1090 abhorreret,
1315 1043 1511 1081 interdum
1543 1048 1750 1084 sententiae

264 1119 388 1165 magis
427 1130 543 1166 qnam
581 1116 759 1154 versibus
807 1116 1009 1154 consulens
1057 1130 1079 1153 a
1124 1117 1270 1153 severis
1307 1129 1560 1153 numerorum
1598 1117 1750 1166 legibus

264 1188 485 1225 discessisse
516 1188 683 1234 videtur,
716 1189 881 1226 maxime
912 1188 979 1225 ille
1011 1187 1168 1237 quidem
1199 1189 1240 1224 in
1270 1190 1396 1237 primo
1427 1201 1608 1226 versuum
1638 1190 1749 1240 pede,

264 1260 343 1297 vid.
376 1259 530 1308 Proleg.
564 1272 601 1309 p.
639 1260 713 1297 181
749 1264 788 1297 et
820 1260 869 1297 ad
901 1259 1010 1309 Capt.
1044 1261 1116 1306 90,
1159 1260 1276 1297 semel
1315 1263 1355 1296 et
1386 1261 1529 1297 iterum
1560 1263 1680 1299 etiam
1709 1264 1751 1300 in

264 1332 365 1378 aliis,
397 1332 505 1369 velut
535 1330 645 1368 Cure.
679 1332 774 1369 401.
835 1331 979 1369 Verum
1020 1345 1138 1381 quum
1176 1345 1223 1369 ne
1261 1332 1385 1381 ipsius
1424 1331 1583 1381 quidem
1621 1333 1751 1371 Plauti

263 1416 397 1441 versus
429 1416 582 1454 semper
610 1404 719 1440 vitiis
751 1407 928 1449 careant,
959 1403 1093 1452 ‘multo
1131 1403 1247 1453 plura
1279 1416 1344 1441 eos
1377 1405 1613 1442 commisisse
1642 1405 1750 1443 vide-

265 1488 368 1522 mus,
408 1477 476 1525 qui
513 1479 652 1526 postea
690 1475 754 1511 vel
783 1475 971 1525 prologos
1002 1475 1064 1511 vel
1096 1475 1191 1512 alias
1222 1475 1444 1512 fabularum
1475 1479 1611 1525 partes
1642 1476 1750 1514 addi-

263 1547 423 1594 derunt,
455 1561 503 1585 ne
534 1547 581 1584 de
611 1548 659 1583 iis
689 1547 847 1596 loquar,
881 1548 947 1596 qui
978 1551 1206 1596 argumenta
1232 1551 1549 1596 composuerunt.
1609 1548 1750 1599 Itaque

262 1621 301 1656 in
341 1620 504 1670 prologo
534 1619 836 1669 Amphitruonis
866 1631 927 1657 vv.
957 1620 1004 1656 59
1039 1623 1077 1655 et
1111 1620 1158 1656 63
1192 1619 1333 1669 reliqui
1365 1619 1527 1657 formam
1563 1621 1750 1670 „tragico-

263 1689 502 1738 comoedia“,
544 1693 722 1740 quamvis
754 1692 1015 1741 posteriorem
1046 1704 1203 1728 versum
1235 1694 1474 1740 corrumpat.
1543 1691 1750 1729 Editorum

261 1763 440 1813 plerique
475 1761 870 1810 „tragicomoediam“
907 1762 1168 1809 substituunt,
1209 1776 1324 1812 quam
1355 1763 1522 1800 formam
1553 1765 1750 1812 posterior

261 1848 397 1872 versus
429 1834 693 1881 commendat,
733 1836 843 1885 prior
875 1837 1031 1873 omnino
1062 1835 1233 1883 respuit,
1280 1835 1356 1872 nisi
1387 1847 1496 1871 novae
1529 1839 1748 1885 superstru-

261 1910 382 1943 untur
420 1907 666 1944 coniecturae.
732 1906 865 1944 Nihilo
905 1907 1031 1943 minus
1076 1906 1328 1944 vehementer
1372 1906 1598 1956 vituperor,
1646 1907 1750 1957 quod

262 1978 371 2015 illam
402 1981 666 2016 coniecturam
696 1991 774 2016 non
813 1979 885 2015 sim
925 1982 1093 2016 secutus.
1167 1978 1359 2028 Exempla
1399 1978 1537 2016 similis
1576 1983 1749 2017 contrac-

261 2052 382 2088 tionis
413 2050 517 2100 apud
543 2050 783 2088 Lobeckium
815 2053 854 2087 et
878 2050 1127 2088 Corssenium
1158 2050 1327 2086 inveniri
1351 2051 1478 2087 critici
1502 2064 1561 2087 me
1594 2051 1748 2099 docent,

262 2123 373 2171 quasi
403 2135 480 2159 non
511 2122 595 2172 ipse
627 2122 760 2159 eadem
792 2122 1010 2168 attulerim,
1058 2121 1107 2158 ad
1146 2134 1192 2158 ea
1229 2121 1329 2159 nihil
1358 2122 1615 2171 respondent,
1663 2136 1748 2172 quae

263 2194 356 2240 dixi,
389 2194 458 2231 illa
489 2194 664 2243 exempla
688 2194 882 2231 vocabula
906 2207 987 2231 esse
1012 2193 1233 2243 quotidiani
1257 2195 1457 2240 sermonis,
1491 2194 1590 2231 hanc
1613 2208 1748 2232 vocem

260 2278 360 2303 nove
390 2264 520 2303 fictam
552 2279 635 2303 esse
665 2279 747 2313 nec,
780 2267 858 2303 nisi
881 2270 1061 2303 accurate
1092 2266 1263 2303 formata
1295 2268 1396 2303 esset
1427 2270 1465 2302 et
1489 2266 1604 2315 plene
1629 2279 1747 2303 enun-

261 2338 440 2384 tiaretur,
472 2338 642 2386 intelligi
668 2339 858 2387 potuisse.
904 2337 1030 2375 Graeci
1060 2337 1411 2387 κωμῳδοτραγῳδίαν
1442 2337 1634 2385 dixerant,
1670 2352 1747 2388 quo

261 2410 420 2447 nomine
452 2413 492 2447 et
514 2409 816 2447 Anaxandrides
841 2413 881 2447 et
904 2409 1058 2447 Alcaeus
1091 2413 1130 2446 et
1152 2409 1391 2447 Dinolochus
1418 2409 1568 2446 Siculus
1592 2409 1747 2447 fabulas

261 2482 510 2532 scripserant,
545 2481 761 2531 eodemque
785 2481 974 2519 vocabulo
997 2481 1238 2530 Porphyrius
1262 2494 1354 2519 usus
1382 2484 1451 2528 est,
1477 2481 1556 2520 vid.
1574 2481 1745 2520 Meinek.

260 2553 362 2590 Hist.
382 2554 466 2591 crit.
485 2554 620 2591 comio.
639 2552 806 2591 Graecor.
824 2553 854 2600 I,
885 2566 922 2602 p.
951 2554 1042 2599 247,
1077 2556 1115 2590 et
1130 2550 1353 2590 Meinekius
1380 2554 1462 2602 ipse
1485 2553 1525 2590 in
1549 2553 1747 2591 laudando

261 2626 393 2663 Plauti
431 2625 517 2663 loco
554 2638 686 2662 veram
726 2626 889 2663 formam
925 2624 1369 2672 „tragicocomoediam‘'
1405 2628 1548 2662 servat.
1622 2625 1746 2663 Immo

260 2699 455 2746 pessimus
486 2709 622 2734 versus
652 2696 930 2746 relinquendus
969 2700 1028 2734 est
1057 2710 1129 2734 nec
1159 2696 1363 2734 histrionis
1394 2710 1510 2734 causa
1541 2701 1745 2747 tantopere

259 2768 517 2805 laborandum
548 2772 617 2815 est,
657 2772 701 2806 ut
731 2769 896 2806 formam
928 2772 1076 2806 temere
1106 2768 1237 2806 fictam
1269 2769 1442 2818 antiquis
1475 2769 1743 2807 obtrudamus.
