1897 3171
145 991 482 1067 Captivorum
513 1022 786 1066 argumentum
818 1018 1041 1056 huiusmodi
1074 1024 1144 1057 est.
1202 1020 1327 1066 Quum
1358 1020 1505 1058 bellurn
1537 1026 1640 1059 esset

144 1087 249 1123 inter
281 1086 435 1124 *Etolos
474 1090 514 1123 et
544 1086 681 1132 Eleos,
729 1086 1023 1137 Philopolemus
1063 1088 1253 1138 Hegionis
1284 1089 1409 1126 AEtoli
1448 1089 1551 1127 filius
1590 1091 1638 1128 ab

144 1154 250 1191 Eleis
277 1158 416 1204 captus
442 1158 511 1192 est.
557 1155 676 1191 Pater
701 1168 862 1205 sperans
887 1155 983 1202 fore,
1008 1161 1053 1192 ut
1078 1158 1366 1206 permutatione
1391 1160 1638 1208 captivorum

143 1222 248 1260 facta
286 1222 410 1260 fflium
448 1226 676 1273 recuperet,
717 1222 835 1260 Eleos
876 1225 1051 1273 captivos
1084 1229 1385 1272 commercatur3
1432 1229 1536 1264 inter
1567 1227 1635 1264 hos

143 1290 418 1337 Philocratem,
451 1291 623 1328 nobilem
648 1290 797 1337 Eleum,
830 1305 909 1329 una.
941 1306 1025 1329 cum
1058 1306 1170 1331 servo
1204 1295 1286 1330 eius
1311 1294 1506 1343 Tyndaro.
1562 1294 1638 1332 Sed

142 1360 249 1397 inter
274 1359 472 1397 dominum
495 1372 728 1409 servumque
754 1364 999 1407 convenerat,
1027 1365 1071 1398 ut
1097 1375 1232 1399 servus
1260 1362 1420 1409 domini,
1455 1363 1636 1402 dominus

143 1431 247 1465 servi
277 1441 485 1478 personam
518 1427 712 1465 indueret.
767 1427 850 1474 Quo
882 1428 937 1475 fit,
968 1434 1013 1466 ut
1045 1443 1162 1478 quum
1189 1429 1315 1478 Hegio
1347 1444 1500 1468 servum
1533 1436 1636 1471 aesti-

143 1497 312 1534 matione
343 1497 447 1533 facta
476 1496 516 1532 in
546 1497 717 1546 patriam
748 1499 949 1534 remittere
983 1499 1252 1545 constituerit,
1300 1502 1344 1535 ut
1368 1498 1490 1537 filium
1525 1514 1636 1539 suum

143 1566 340 1602 inveniret
371 1569 411 1601 et
441 1564 488 1601 de
520 1563 789 1614 redemptione
822 1570 889 1602 aut
919 1567 1209 1614 permutatione
1241 1571 1393 1614 ageret,
1435 1568 1634 1608 dominum

142 1646 213 1683 pro
252 1646 364 1670 servo
406 1633 590 1670 dimittat.
666 1632 760 1669 Mox
799 1633 936 1670 fraude
968 1634 1123 1671 detecta
1155 1634 1290 1672 furore
1321 1636 1502 1674 incensus
1534 1638 1634 1687 Tyn-

144 1701 283 1739 darum
330 1699 583 1750 compedibus
629 1702 803 1738 vinctum
848 1703 888 1738 in
936 1702 1171 1752 lapicidinas
1212 1704 1381 1741 coniicit.
1458 1704 1534 1742 Sed
1572 1707 1635 1744 hic

144 1769 350 1819 Tyndarus
381 1769 504 1818 ipsius
536 1768 723 1816 Hegionis
754 1769 856 1806 filius
890 1774 993 1817 erat,
1042 1784 1158 1820 quem
1201 1775 1291 1808 ante
1333 1773 1470 1821 viginti
1513 1788 1634 1813 annos

143 1837 333 1887 fugitivus
372 1850 510 1874 servus
550 1837 654 1874 furto
686 1851 814 1875 secum
847 1839 1076 1876 abstulerat.
1149 1838 1212 1877 Sic
1251 1844 1366 1889 pater
1402 1843 1554 1880 nescius
1594 1846 1635 1881 in

144 1919 252 1943 suum
292 1906 377 1955 ipse
415 1904 538 1942 filium
586 1907 716 1952 saevit,
764 1906 990 1956 hominique
1038 1910 1188 1957 optimo
1234 1912 1398 1957 propter
1437 1914 1636 1959 egregiam

145 1986 239 2022 erga
277 1973 474 2011 dominum
516 1973 632 2011 fidem
665 1976 903 2022 gravissimae
943 1989 1066 2025 poenae
1098 1975 1344 2024 infliguntur.
1414 1978 1555 2016 Verum
1588 1994 1638 2018 ne

144 2043 211 2080 diu
253 2046 407 2079 maneat
443 2043 610 2080 fortunae
651 2044 855 2092 iniquit-as,
903 2043 1012 2080 brevi
1051 2046 1266 2082 revertitur
1306 2045 1548 2085 Philocrates
1590 2063 1637 2085 ex

143 2110 258 2148 Elide
301 2114 340 2147 et
380 2109 503 2149 filium
542 2111 730 2159 Hegionis
769 2124 897 2148 secum
937 2111 1080 2149 ducens
1120 2116 1159 2149 et
1197 2126 1352 2150 servum
1393 2114 1520 2161 illum,
1570 2118 1636 2166 qui

145 2192 230 2216 cum
269 2179 393 2216 altero
431 2192 556 2229 puero
598 2179 686 2216 olim
729 2179 949 2227 aufugerat.
1019 2181 1100 2226 Quo
1138 2181 1242 2218 facto
1274 2181 1479 2230 Tyndarus
1519 2197 1635 2233 agno-

145 2248 266 2285 scitur
297 2251 336 2284 et
365 2247 589 2284 libertatem
621 2251 853 2297 patremque
885 2252 1107 2298 recuperat.

256 2315 409 2352 Fabula
454 2316 601 2365 optima
642 2321 679 2351 et
721 2315 1010 2365 elegantissima
1051 2331 1072 2354 a
1112 2319 1251 2355 ceteris
1306 2319 1502 2355 comoediis
1556 2333 1635 2357 non

144 2384 243 2421 nihil
275 2383 415 2421 differt.
485 2384 611 2420 Poeta,
648 2385 732 2433 ipse
763 2385 803 2420 in
836 2385 989 2434 epilogo
1020 2386 1255 2434 pudicitiam
1287 2387 1368 2422 eius
1399 2386 1550 2433 laudat,
1591 2401 1636 2425 ac

145 2464 237 2488 sane
269 2464 313 2488 eo
345 2453 501 2489 nomine
535 2451 714 2488 omnibus
744 2457 919 2502 praestat.
995 2454 1073 2491 Nec
1114 2455 1216 2490 enim
1255 2455 1293 2489 in
1333 2456 1545 2501 amatorio,
1592 2459 1636 2492 ut

143 2520 342 2569 pleraeque
373 2520 534 2565 fabulae,
569 2524 749 2557 versatur
781 2527 1032 2569 argumento,
1067 2522 1134 2558 sed
1166 2523 1206 2557 in
1236 2522 1385 2570 piet-ate
1416 2524 1561 2570 patris,
1594 2525 1635 2560 in

144 2586 226 2624 filio
258 2588 398 2624 amisso
431 2592 471 2624 et
503 2592 641 2625 contra
673 2601 824 2626 omnem
856 2603 963 2638 spem
995 2593 1238 2639 recuperato,
1302 2589 1413 2634 Quod
1446 2603 1563 2638 quum
1596 2595 1636 2627 et

143 2654 272 2704 ipsum
304 2655 489 2704 frequens
522 2656 798 2694 comoediarum
834 2661 1083 2707 antiquarum
1115 2660 1385 2704 argumentum
1412 2658 1473 2703 sit,
1506 2661 1636 2695 tamen

143 2723 375 2772 plerumque
416 2737 502 2761 cum
539 2724 606 2761 illo
645 2725 769 2763 altero
810 2727 1080 2773 coniungitur3
1126 2725 1190 2761 hic
1229 2725 1353 2761 solum
1392 2730 1634 2773 spectatores

143 2794 335 2838 moratur,
370 2795 409 2829 et
438 2793 495 2829 ita
527 2792 696 2842 quidem,
736 2797 780 2830 ut
810 2807 924 2831 nemo
959 2792 1171 2842 quidquam
1202 2796 1394 2841 praeterea
1426 2791 1632 2831 desideret.
