1897 3171
255 192 336 230 492
919 184 1074 230 captiui.

261 318 338 354 500
373 329 419 352 ex
450 318 651 365 anapaesto
685 318 724 352 et
754 314 922 352 dimetro
953 314 1097 361 troch.;
1146 315 1221 352 501
1255 315 1485 350 tetrameter
1513 312 1744 349 bacchiacus

258 388 338 430 est3
374 384 451 420 502
485 387 639 420 constat
670 396 717 420 ex
748 382 903 431 dactylo
935 386 974 419 et
1003 382 1132 419 tribus
1156 381 1339 427 bacchiis,
1375 381 1451 418 503
1479 394 1526 417 ex
1550 383 1745 430 anapaesto

258 456 296 489 et
320 452 448 489 iambo
474 455 614 500 quater
636 451 832 502 repetitis.
870 450 1037 500 Reliqua
1062 451 1188 487 minus
1215 451 1408 486 commota
1433 451 1535 485 sunt.
1583 448 1746 485 Omissis

256 521 323 567 iis,
373 533 459 568 quae
497 532 654 556 necesse
687 522 746 555 est
776 519 1029 564 omitt-antur,
1072 517 1270 568 dipodiam
1300 516 1538 553 trochaicam
1569 516 1748 564 sequitur

257 592 430 638 systema
460 587 669 624 iambicum
703 587 828 624 tribus
860 586 1037 623 versibus
1069 586 1268 634 scriptum,
1302 597 1468 634 quorum
1491 584 1640 633 primus
1668 583 1744 621 505

258 656 447 694 iambicus
485 656 732 705 septenarius
779 658 838 692 est
885 652 992 701 (nam
1037 656 1128 704 post
1173 651 1253 691 ‘mei
1296 653 1430 689 hiatur
1475 653 1515 688 in
1563 649 1746 698 diaeresi),

262 727 338 763 506
366 723 555 761 iambicus
580 726 769 769 senarius,
806 723 884 760 507
910 721 1084 758 senarius
1106 721 1495 771 hypercatalecticus,
1531 721 1609 757 508
1640 720 1746 766 item,

259 794 333 830 nisi
365 792 464 828 forte
496 805 582 830 cum
612 792 743 842 priore
775 793 888 841 parte
920 791 1134 839 sequentis,
1166 802 1290 838 usque
1315 788 1363 825 ad
1390 785 1541 833 uidere,
1565 788 1604 824 in
1628 800 1749 824 unum

260 866 432 909 systema
464 862 688 909 coniungas.
749 859 920 907 Reliqua
950 871 1041 908 pars
1073 870 1208 896 versus
1244 858 1321 894 509
1354 857 1530 893 senarius
1563 859 1631 902 est,
1671 856 1748 892 510

260 930 532 979 septenarius3
573 941 660 965 nam
694 941 808 976 quem
840 926 970 963 hiatus
1003 929 1091 962 ante
1122 922 1326 963 hominem
1358 924 1538 970 offendit,
1571 925 1604 960 is
1641 919 1746 968 „uffl

260 998 416 1035 scribat.

375 1066 468 1102 497.
517 1061 620 1102 bono
642 1059 833 1111 publico,
873 1075 909 1100 v,
943 1061 991 1098 ad
1022 1061 1166 1111 Amph.
1203 1062 1295 1098 317.
1369 1060 1575 1098 Publicum
1605 1059 1751 1097 bonum

262 1139 322 1172 est
352 1135 505 1171 hostem
547 1132 717 1169 nobilem
760 1133 916 1180 captum
957 1143 1097 1179 magno
1138 1130 1266 1179 pretio
1305 1128 1435 1166 vendi.
1509 1128 1634 1177 Hegio
1673 1141 1752 1165 non

262 1206 294 1241 is
327 1207 406 1248 est,
449 1215 563 1251 quem
594 1201 802 1250 paeniteat,
844 1198 947 1247 quod
987 1210 1127 1247 magno
1167 1198 1322 1242 emerit,
1369 1200 1449 1233 tam
1488 1210 1595 1233 suam
1628 1196 1751 1232 vicem

262 1272 440 1316 laetatur,
485 1269 591 1318 quod
622 1281 730 1318 spem
763 1267 910 1317 ceperit
941 1265 1013 1302 filii
1047 1264 1325 1315 recuperandi,
1369 1278 1484 1313 quam
1515 1264 1751 1315 reipublicae,

263 1339 367 1388 quod
407 1339 559 1374 lucrata
591 1338 655 1372 sit.
687 1355 743 1360 -—
774 1335 867 1371 498.
903 1331 1072 1383 quisque
1102 1330 1257 1379 uident,
1292 1333 1337 1370 cf.
1362 1332 1472 1370 Curc.
1495 1334 1586 1370 180.
1633 1332 1751 1369 Most.

267 1408 363 1444 100:
403 1406 501 1451 „sibi
534 1406 699 1454 quisque
724 1403 816 1440 inde
845 1402 1066 1452 exemplum
1093 1398 1321 1452 expetunt“.
1348 1421 1403 1426 —
1431 1402 1522 1438 502.
1554 1397 1750 1449 requiem,

263 1490 284 1513 a
315 1473 619 1524 gratulantibus.
652 1492 707 1496 ——
750 1472 841 1509 503.
894 1467 1008 1517 Q'Zi603
1055 1469 1141 1506 edd.
1175 1472 1265 1505 ante
1303 1468 1340 1506 h.
1373 1481 1408 1505 V.
1448 1469 1753 1518 interpungunt3

266 1543 397 1581 cod.B
428 1546 528 1592 post,
565 1554 586 1576 a
618 1553 694 1589 quo
727 1553 795 1576 cur
828 1538 1079 1584 discederem,
1113 1551 1190 1574 non
1222 1536 1316 1574 vidi.
1347 1556 1403 1561 „-
1436 1537 1527 1573 504.
1561 1532 1666 1574 Inde
1688 1567 1695 1573 .
1717 1567 1723 1574 .
1744 1565 1752 1573 .

267 1609 450 1649 domum:
483 1610 563 1646 haec
593 1608 759 1645 delenda
788 1620 871 1644 esse
889 1606 1089 1643 Acidalius
1115 1605 1225 1651 vidit,
1252 1606 1284 1642 si
1309 1604 1466 1654 quidem
1490 1617 1566 1641 non
1584 1604 1752 1651 domum,

266 1680 333 1717 sed
365 1679 413 1716 ad
445 1678 605 1714 fratrem
637 1690 677 1713 se
710 1676 897 1721 contulit,
944 1688 1014 1711 nec
1051 1675 1202 1711 minore
1240 1674 1324 1710 iure
1364 1673 1467 1709 idem
1506 1673 1546 1709 in
1577 1674 1755 1722 proximo

266 1762 381 1786 versu
414 1744 509 1784 inde
549 1742 631 1782 abii
671 1744 827 1780 delevit.
875 1764 930 1768 —
976 1744 1068 1780 506.
1116 1740 1298 1780 omnium
1338 1742 1474 1778 abesse
1515 1742 1665 1791 potuit,
1713 1754 1756 1777 ac

267 1817 411 1853 delevit
444 1815 530 1860 Br.;
573 1813 704 1850 Herm.
738 1812 797 1849 Fl.
835 1809 1080 1859 „hominum“
1117 1810 1420 1847 substituerunt.
1455 1830 1506 1835 —
1549 1808 1639 1847 507.
1680 1805 1754 1854 hic,

266 1884 580 1932 Aristophontes.

382 1953 474 1988 511.
508 1951 634 1997 Hegio
668 1963 752 1987 cum
779 1948 1065 1998 Aristophonte
1090 1947 1247 1984 domun]
1272 1949 1407 1992 intrat,
1433 1949 1476 1983 ut
1493 1946 1758 1982 Philocratem

268 2023 302 2058 ei
334 2019 527 2065 ostendat,
560 2017 764 2065 Tyndarus
789 2020 919 2054 autem
944 2015 1223 2066 Aristophonte
1250 2018 1458 2065 conspecto
1484 2015 1617 2051 statim
1642 2013 1758 2050 intel-

267 2090 357 2137 ligit
397 2087 530 2125 dolum
569 2099 680 2122 suum
712 2085 949 2135 patefactum
980 2085 1048 2131 iri,
1095 2085 1172 2120 nisi
1210 2095 1462 2130 congressum
1502 2082 1630 2117 vitare
1670 2094 1758 2118 con-

266 2158 419 2204 tigerit,
468 2160 507 2192 et
548 2166 696 2191 summo
735 2155 877 2190 timore
911 2155 1115 2202 correptus
1147 2151 1252 2188 foras
1285 2164 1324 2187 se
1355 2151 1524 2200 proripit
1558 2147 1610 2196 (V.
1646 2145 1758 2194 528).

267 2226 448 2261 Animum
475 2222 726 2259 vehementer
754 2225 988 2258 commotum
1011 2220 1207 2257 octonarii
1231 2217 1386 2255 iambici
1411 2219 1559 2268 optime
1576 2217 1757 2266 pingunt.

269 2290 395 2330 *mew
421 2287 526 2328 illud
549 2289 608 2327 6815
633 2299 772 2338 (summ
804 2289 999 2326 moriendi
1024 2292 1179 2338 tempus
1207 2300 1288 2323 esse
1311 2286 1417 2331 dicit,
1452 2285 1634 2334 quoniam
1651 2283 1761 2320 nulla

269 2361 410 2398 salutis
441 2372 531 2409 spes
563 2358 625 2395 sit.
687 2357 793 2394 Brix.
828 2357 979 2393 confert
1009 2357 1110 2393 Rud.
1147 2355 1244 2392 664:
1292 2354 1428 2392 ..Nunc
1459 2353 1499 2389 id
1530 2356 1608 2398 est,
1642 2365 1761 2401 quom

270 2429 443 2465 omnium
490 2429 690 2476 copiarum
736 2429 853 2474 atque
895 2437 1033 2474 opum,
1081 2424 1222 2470 auxili,
1269 2421 1441 2473 praesidi
1480 2421 1651 2457 uiduitas
1691 2433 1761 2457 nos

268 2495 415 2534 tenet“.
477 2496 563 2532 Ter.
595 2494 670 2531 Ad.
705 2494 804 2530 299:
844 2492 979 2530 ..Nunc
1010 2492 1108 2528 illud
1140 2495 1210 2538 est,
1244 2503 1372 2540 quom,
1405 2491 1437 2526 si
1468 2490 1595 2526 omnia
1628 2502 1760 2525 omnes

270 2579 339 2602 sua
371 2564 533 2601 consilia
565 2562 780 2607 conferant,
816 2591 823 2598 .
845 2592 851 2598 .
873 2591 880 2598 .
914 2560 1035 2597 auxili
1068 2560 1120 2596 ni]
1155 2555 1376 2596 adferant“.
1437 2557 1588 2594 Ennius
1619 2556 1759 2593 Annal.

270 2647 305 2670 V.
341 2634 439 2670 383:
493 2631 625 2677 „Nunc
659 2634 717 2667 est
747 2630 813 2666 ille
846 2629 949 2674 dies,
983 2641 1102 2677 quom
1142 2628 1270 2676 gloria
1314 2638 1495 2662 maxuma
1527 2638 1608 2661 sese
1639 2624 1761 2660 Nobis

271 2698 491 2738 ostendat‘t
524 2719 579 2723 —
613 2700 704 2735 512.
745 2696 1025 2746 spernuntque
1056 2705 1100 2733 se
1131 2699 1169 2731 et
1199 2694 1329 2731 Dousa
1364 2697 1402 2730 et
1433 2693 1500 2729 alii
1532 2696 1621 2729 ante
1654 2705 1760 2738 eum3

271 2782 454 2818 spernere
496 2768 597 2803 enim
639 2766 743 2803 idem
784 2768 841 2802 est
874 2764 978 2814 quod
1016 2775 1240 2813 segregare,
1283 2761 1329 2798 cf.
1362 2760 1461 2797 Eun.
1495 2774 1555 2810 ap.
1589 2760 1689 2797 Non.
1722 2774 1760 2809 p.
