1897 3171
747 229 777 263 V
816 231 1005 263 θύω-984.
1536 234 1557 270 4
1566 234 1615 271 37

129 359 333 396 multum&
397 359 540 395 Veiuin
564 359 638 396 huc
669 372 747 396 non
777 360 949 408 pertinet
978 359 1087 396 locus
1119 358 1316 395 Ciceronis
1348 373 1419 409 pro
1452 360 1617 396 Murena

134 428 200 474 12,
243 428 292 464 27
336 427 382 463 de
428 427 587 464 senibus
633 427 682 464 ad
723 428 987 476 coemptiones
1028 427 1227 463 faciendas
1266 427 1616 465 interimendorum

127 508 327 532 sacrorum
356 509 472 532 causa
502 497 684 544 repertis,
719 509 795 545 qua
827 495 874 532 de
905 508 946 532 re
978 494 1055 532 vid.
1084 494 1266 544 Savigny,
1299 496 1525 533 Zeitschrift
1556 496 1618 532 fur

129 563 356 612 geschichtl.
389 563 808 601 Rechtswissenschaft
838 564 886 609 II,
919 577 958 613 p.
995 564 1071 600 396
1106 577 1162 612 sq.
1402 567 1405 569 ’

243 633 335 669 974.
376 632 623 681 Colloquium
654 633 739 669 heri
771 635 810 668 et
841 634 945 669 servi
978 634 1016 668 et
1046 632 1173 680 ipsum
1207 633 1401 669 canticum
1436 636 1510 678 est,
1551 632 1618 668 sed

132 701 338 737 maximam
386 704 536 749 partem
586 701 794 737 trochaicis
840 701 1052 737 octonariis
1106 701 1375 749 compositum.
1465 700 1618 737 Primus

127 772 258 806 tamen
284 782 420 806 versus
445 774 594 818 septem
619 769 878 806 trochaeoi‘um
904 772 974 806 est.
1023 768 1268 805 Hermannus
1286 769 1464 805 ultimum
1480 769 1618 816 pedem

131 837 322 875 excidisse
339 838 525 887 putabat3
557 836 705 874 Ritsch.
743 837 845 884 ‚,CH.
879 835 1012 884 Ευὲζειζ
1043 837 1252 886 supplevit,
1278 850 1413 885 parum
1440 837 1617 873 feliciter.

128 905 203 942 Sed
243 905 459 943 Nicobulus
505 919 583 943 non
629 906 750 942 dixit:
817 905 944 952 „Quid
982 904 1055 941 fit‘?
1103 904 1231 950 Quid?
1293 905 1396 954 quod
1434 909 1472 941 te
1519 906 1618 951 misi,

128 974 270 1023 ecquid
296 970 467 1022 egisti?“
523 975 604 1010 Aut
636 972 784 1019 „Quiffl‘
817 973 1039 1020 delendum,
1073 978 1116 1010 ut
1142 974 1214 1010 sit:
1253 973 1379 1020 „Quid
1401 972 1472 1009 fit?
1506 972 1618 1018 Quod

128 1047 167 1079 te
199 1040 328 1090 misi“,
369 1044 438 1080 aut
476 1043 654 1092 personis
694 1042 809 1078 aliter
847 1041 1122 1078 distribuenda
1153 1044 1243 1078 sunt
1274 1041 1405 1077 verba.
1466 1040 1517 1077 Et
1548 1041 1620 1076 hoc

129 1110 286 1160 quidem
317 1111 448 1160 potius
482 1110 618 1156 credo,
652 1110 883 1158 Chrysalum
914 1124 992 1147 non
1024 1111 1063 1146 in
1094 1124 1198 1146 mera
1231 1110 1399 1147 nominis
1431 1109 1621 1145 exclama.-

127 1181 235 1216 tione
260 1179 498 1225 substitisse,
532 1179 599 1215 sed
628 1178 846 1215 addidisse:
886 1178 1004 1227 „quid
1034 1176 1118 1226 fit“,
1151 1182 1195 1216 ut
1226 1191 1345 1227 supra
1375 1191 1410 1215 v,
1432 1178 1523 1223 624,
1555 1177 1623 1213 Ni-

129 1247 308 1285 cobulum
336 1251 477 1294 autem,
503 1248 633 1296 potius
660 1247 735 1284 sibi
766 1247 1016 1296 quaerendum
1051 1261 1148 1294 esse,
1181 1246 1444 1296 respondisse.
1462 1265 1517 1270 —
1542 1247 1620 1282 975

127 1317 264 1354 —979
285 1317 476 1354 octonarii
492 1316 682 1353 trochaici
699 1329 784 1353 cum
802 1317 1039 1366 septenario.
1072 1317 1177 1353 Ante
1195 1311 1371 1362 Rossas?
1402 1314 1447 1351 R.
1471 1312 1617 1355 ,.He1n“·

129 1385 292 1432 addidit,
326 1371 404 1435 quo
436 1397 513 1422 non
545 1388 603 1422 est
627 1398 738 1434 opus
765 1405 818 1409 —-
851 1380 1037 1422 Grccde'or
1059 1399 1114 1421 ›ex
1139 1384 1166 1422 C
1190 1383 1338 1421 Bitsch.
1365 1403 1420 1408 ——
1447 1383 1541 1420 976.
1576 1382 1621 1420 R.

128 1456 277 1490 mutato
302 1453 458 1491 ordine:
495 1454 712 1500 „hominem
738 1453 787 1490 ad
811 1453 1004 1490 lacrumas
1032 1454 1183 1500 coegi‘'.
1232 1449 1343 1501 006ῃὲ
1360 1452 1454 1489 duas
1471 1453 1623 1500 priores

129 1521 299 1570 syllabas
331 1522 548 1568 contrahit,
587 1535 623 1559 v.
664 1521 818 1570 Proleg.
850 1535 888 1570 p.
924 1523 1016 1558 216.
1050 1542 1105 1546 —-
1145 1524 1238 1558 979.
1272 1517 1375 1558 milti
1410 1518 1451 1567 (i.
1486 1532 1519 1557 e.
1554 1516 1621 1565 mi)

129 1587 204 1628 has
246 1588 356 1628 [ledit
393 1590 527 1636 codd.;
575 1590 619 1628 R.
660 1589 882 1626 Acidalium
921 1594 1096 1627 secutus:
1154 1591 1248 1638 7,has
1288 1589 1396 1626 dedit
1434 1585 1527 1625 mi*‘.
1570 1608 1623 1611 -—

130 1659 303 1705 ccmteut,
337 1659 485 1705 dicant,
520 1658 567 1697 cf.
596 1658 696 1696 Rud.
723 1659 823 1695 478:
861 1672 1004 1708 „eapse
1037 1662 1182 1705 cantat,
1217 1659 1336 1707 quoia
1367 1658 1458 1694 siff:
1506 1656 1621 1693 Most.

132 1729 231 1764 964:
284 1727 413 1775 „Uera
452 1725 627 1765 cantas“.
673 1746 729 1751 —-
776 1728 855 1765 980
889 1740 946 1775 sq.
995 1728 1222 1767 octonarius
1265 1740 1348 1763 cum
1382 1725 1622 1775 septenario.

131 1792 271 1834 Nosce
302 1793 481 1845 Siffleum,
515 1796 562 1834 cf.
596 1796 690 1833 784.
718 1815 766 1819 —
795 1797 874 1832 982
907 1809 964 1844 sq.
996 1796 1152 1833 iambici
1186 1795 1392 1832 octonarii.
1446 1793 1623 1830 Priorem

130 1877 221 1901 casu
252 1865 386 1901 omisit
417 1864 468 1911 B,
502 1864 656 1901 addidit
687 1864 857 1900 secunda
889 1878 1041 1901 manus:
1098 1864 1325 1910 „Scinditur
1366 1876 1467 1899 nunc
1509 1859 1623 1907 etc.“,

129 1946 205 1981 quo
244 1932 361 1970 modo
399 1932 621 1970 trochaicus
664 1932 708 1969 fit
738 1946 895 1978 versus,
943 1932 1008 1969 sed
1048 1932 1294 1982 praeferenda
1334 1932 1548 1968 auctoritas
1583 1930 1623 1966 C.

129 2001 224 2038 Post
257 1998 428 2039 exilium
454 2001 604 2048 hiatus,
646 2002 754 2038 cuius
786 2001 936 2039 vitandi
970 2014 1085 2038 causa
1115 2001 1266 2038 Acidal.
1300 1999 1345 2037 R.
1380 1998 1439 2036 Fl.
1478 2011 1624 2048 „prope

130 2068 282 2108 adest“.
331 2069 542 2119 Chrysalus
571 2069 654 2107 haec
686 2083 816 2106 secum
848 2069 1028 2106 alludens
1061 2069 1109 2106 ad
1141 2083 1176 2106 v.
1212 2070 1306 2107 950.
1368 2067 1624 2105 Secedentem

130 2141 287 2175 revocat
317 2138 448 2176 herus.

243 2208 338 2244 984.
379 2207 472 2252 Quae
511 2209 687 2244 extremo
730 2207 859 2243 versui
899 2205 1014 2243 codd.
1048 2205 1221 2242 addunt:
1275 2209 1342 2252 „ut
1373 2204 1478 2254 quod
1510 2203 1624 2240 iubeo

129 2272 290 2322 facias“,
336 2275 574 2313 Ritschelius
613 2275 713 2313 vidit
753 2289 799 2311 ex
838 2274 1095 2323 sequentibus
1143 2273 1241 2321 (986
1283 2278 1351 2310 aut
1383 2270 1479 2318 990)
1524 2271 1625 2308 male

130 2348 369 2393 praesumpta
401 2357 502 2389 esse,
544 2344 608 2382 hic
639 2343 796 2393 quidem
828 2344 963 2392 inepta
995 2348 1099 2380 sunt..
1170 2343 1289 2388 Idem,
1330 2346 1374 2379 ut
1406 2355 1452 2377 ex
1484 2341 1554 2377 hoc
1587 2342 1625 2376 et

131 2414 308 2462 sequenti
334 2413 459 2451 troch.
478 2414 722 2449 octonarium
751 2412 908 2458 faceret,
935 2411 995 2449 ed.
1019 2425 1140 2461 „opus
1166 2415 1234 2457 est,
1269 2408 1428 2459 quaeso‘?
1475 2409 1542 2446 NI.
1573 2407 1628 2445 Ut

131 2484 242 2528 scias,
275 2495 361 2531 quae
392 2482 539 2530 scripta
563 2481 640 2518 sint
663 2478 766 2517 hic“.
813 2480 986 2527 Muller„
1020 2480 1180 2517 Nachtr.
1205 2494 1242 2529 p.
1272 2480 1343 2516 28:
1381 2491 1504 2527 „opus
1536 2475 1624 2513 est‘?

132 2549 198 2587 NI.
238 2550 336 2587 Tute
375 2555 419 2586 ut
449 2550 567 2596 scias,
613 2549 676 2586 hic
717 2549 864 2598 scripta
903 2562 1003 2598 quae
1043 2546 1182 2585 sient“.
1245 2547 1407 2583 Codices
1445 2543 1626 2592 sequenti

132 2621 283 2667 primus
300 2632 435 2656 versus
452 2618 640 2655 iambicus
658 2617 823 2654 dimeter
840 2617 917 2655 dici
933 2619 1085 2667 potest3
1118 2618 1150 2653 si
1173 2612 1337 2665 „opust“
1360 2613 1485 2649 altera
1501 2611 1623 2656 brevi,

134 2691 202 2724 aut
237 2686 382 2737 „opus‘”
419 2687 584 2734 legatur,
618 2686 779 2723 eandem
806 2688 924 2735 atque
951 2685 1027 2722 duo
1053 2685 1223 2734 proximi
1248 2683 1411 2718 formam
1438 2679 1626 2730 praebeat,

135 2756 324 2793 trochaici
373 2756 530 2792 dimetri
576 2756 809 2793 catalectici.
850 2774 905 2779 —
952 2754 1047 2791 Mox
1078 2752 1249 2797 Ritsch„
1298 2763 1411 2799 quen]
1451 2748 1509 2785 Fl.
1543 2747 1625 2784 fere

137 2826 326 2874 sequitur,
354 2837 400 2861 ex
418 2825 624 2871 ose—87,
644 2824 778 2861 addito
801 2820 919 2870 „ego“
949 2825 1039 2871 post
1067 2818 1220 2866 „uolo“,
1239 2818 1361 2856 troch.
1382 2817 1624 2854 octonarium
