1897 3171
774 197 818 232 v.
847 199 1036 233 763—805.
1566 206 1649 245 427

155 326 259 364 hunc
287 326 415 363 locum
445 325 622 374 laudans,
654 329 699 365 ut
728 325 819 363 inde
850 326 1056 365 emendare
1086 331 1263 377 potuerit
1288 330 1348 368 ed.
1373 344 1433 380 pr.
1465 350 1522 356 —
1552 332 1646 370 789.

159 393 310 441 „Senex
339 394 451 432 lectis
481 394 554 432 filii
583 395 728 433 litteris
759 393 917 432 domum
948 395 1190 444 ingreditur,
1236 402 1281 435 ut
1319 412 1454 437 servos
1496 404 1644 448 evocet,

154 462 222 510 qui
238 460 468 511 Chrysalum
485 463 669 510 vinciant,
699 462 1025 512 quemadmodum
1043 467 1128 501 erat
1143 465 1183 501 in
1200 465 1345 503 litteris
1363 465 1579 516 scriptum“
1599 467 1643 506 L.

153 538 248 567 exeo
279 527 335 567 ad
365 529 412 577 te,
452 530 526 568 hoc
566 530 701 568 ordine
743 529 919 568 Guietus.
959 550 1016 556 —
1055 533 1149 570 790.
1195 534 1243 570 ut
1278 531 1431 581 nescio,
1478 536 1503 572 i.
1537 548 1569 573 e.
1601 538 1645 573 ut

151 597 303 634 nescire
329 611 390 634 me
422 598 655 636 arbitratur!
701 598 791 636 Non
820 598 1019 636 intellexit
1042 599 1203 638 Becker.
1230 603 1270 639 in
1288 601 1462 640 Studem.
1483 602 1593 641 Stud.
1611 603 1641 651 I,

148 677 187 714 p.
221 666 298 703 261
341 666 558 716 corrigens:
609 666 687 714 „At
725 668 803 704 scio
843 680 958 716 quam
995 680 1077 704 rem
1115 667 1266 717 gerat‘⁴.
1302 689 1351 694 —
1393 672 1486 709 792.
1526 668 1643 710 Bene

148 730 274 771 nauis
309 731 505 783 ayitatur.
552 735 714 772 Numeri
745 734 925 772 duriores
957 738 1059 781 sunt,
1100 739 1168 773 aut
1200 737 1301 774 enim
1331 750 1467 776 versus
1500 752 1521 775 a
1550 752 1641 789 pro-

148 801 423 839 celeusmatico
463 805 502 840 et
540 806 741 852 anapaesto
772 803 913 852 incipit
949 807 1018 840 aut
1053 802 1178 842 nauis
1215 806 1257 841 in
1296 818 1412 842 unam
1452 807 1641 856 syllabam

147 869 415 917 contrahitur,
450 870 497 907 de
529 884 606 920 qua
636 884 678 908 re
708 884 744 909 v.
776 870 931 919 Proleg.
963 885 1003 921 p.
1038 873 1131 909 214.
1196 872 1444 911 Hermannus
1475 876 1641 913 coniecit

152 933 348 986 „agitur“,
381 951 515 975 verum
555 951 633 975 non
672 938 719 975 de
756 942 863 976 recto
905 940 1015 976 navis
1055 953 1171 977 cursu
1209 944 1269 978 est
1298 955 1444 989 sermo,
1492 943 1560 979 sed
1591 943 1638 980 de

141 1003 365 1042 vehementi
406 1009 445 1043 et
483 1005 645 1043 turbido
683 1009 794 1044 motu
835 1007 917 1044 sive
956 1008 1074 1044 remis
1123 1004 1238 1058 (Nep.
1271 1008 1359 1047 Dio.
1394 1011 1435 1057 9,
1470 1008 1510 1058 2)
1558 1012 1637 1049 sive

143 1072 251 1109 venti
283 1076 321 1109 et
350 1072 540 1112 fluctuum
572 1075 611 1111 vi
642 1074 791 1112 effecto.
861 1075 955 1112 Cum
995 1077 1087 1112 naui
1127 1077 1229 1113 enim
1261 1090 1389 1114 senem
1425 1082 1635 1128 comparat,

140 1152 225 1177 cum
257 1143 341 1177 rate
379 1154 420 1179 se
457 1142 609 1191 ipsum,
655 1145 824 1192 navique
864 1144 918 1180 sic
956 1144 1115 1191 agitatae
1157 1146 1214 1181 ait
1250 1141 1399 1193 pulcre
1440 1143 1633 1195 cowferrz'‚

139 1208 166 1246 i.
199 1221 231 1246 e.
265 1208 487 1256 admoveri,
520 1212 660 1247 ratem.
720 1206 853 1248 Βαΐας
885 1215 1037 1257 autem,
1069 1215 1114 1248 ut
1144 1211 1269 1249 Varro
1300 1212 1344 1250 L.
1378 1213 1422 1251 L.
1456 1214 1547 1261 VII,
1583 1217 1631 1253 23

137 1277 327 1323 testatur,
375 1280 416 1314 et
445 1277 604 1315 Naevius
636 1281 676 1314 et
706 1278 899 1316 Pacuvius
935 1280 1070 1325 „navis
1101 1279 1262 1329 longas“
1307 1280 1500 1319 dixerunt.
1562 1282 1634 1320 Est

136 1344 261 1391 igitur
299 1344 337 1382 h.
379 1345 405 1382 l.
445 1345 563 1393 idem,
611 1345 716 1395 quod
760 1361 880 1397 supra
927 1349 1006 1385 277
1049 1361 1133 1397 sqq.
1175 1348 1347 1396 lembus,
1393 1350 1633 1399 praedatoria

134 1412 328 1460 navicula,
361 1426 447 1462 quae
479 1415 702 1451 onerariam
733 1415 974 1464 aggreditur.

249 1481 343 1518 794.
381 1481 500 1518 Redit
528 1482 746 1520 Nicobulus
779 1482 865 1519 cum
896 1483 1063 1530 lorariis,
1097 1497 1261 1533 quorum
1293 1486 1511 1535 principem
1543 1482 1627 1523 Ao·-

135 1547 301 1587 z‘amoom
331 1549 558 1599 alloquitur.
605 1551 731 1587 Huius
761 1537 903 1589 nomen
927 1565 974 1588 ex
999 1565 1042 1588 re
1067 1551 1239 1589 ductum.
1255 1556 1323 1599 est,
1357 1567 1444 1590 nam
1471 1554 1626 1603 ἄρταμος

134 1615 240 1654 lanio
280 1620 350 1655 est.
429 1617 526 1655 Post
569 1615 632 1656 illi
675 1619 806 1656 hiatus
851 1620 892 1656 in
938 1632 1096 1657 caesura.
1164 1620 1209 1658 R.
1256 1620 1399 1667 „iliic⁴‘.
1439 1642 1494 1647 —
1533 1623 1626 1659 798.

134 1683 280 1722 Versus
309 1685 411 1735 pede
448 1685 627 1733 brevior,
675 1690 720 1724 ut
760 1687 909 1736 aliquid
948 1687 1140 1725 excidisse
1179 1693 1384 1738 appareat.
1460 1690 1627 1739 Pylades

132 1765 216 1791 voc.
263 1752 411 1800 „male“
457 1767 504 1791 ex
542 1755 724 1804 proximo
763 1769 880 1793 versu
918 1755 992 1793 huc
1032 1757 1197 1793 retraxit
1237 1758 1443 1806 utriusque
1475 1759 1626 1795 vitiatis

133 1822 325 1868 numeris3
364 1822 505 1860 melius
537 1823 686 1861 Ritsch.
725 1822 898 1870 „scelus“
933 1827 1024 1873 post
1060 1822 1150 1870 „tu“
1188 1825 1364 1871 addidit,
1411 1826 1477 1863 sed
1510 1828 1627 1863 etiam

135 1889 215 1926 alia
246 1890 413 1938 cogitari
443 1894 621 1941 possunt,
655 1891 781 1929 velut:
827 1892 1119 1941 „loquitatusne
1152 1906 1192 1929 es
1225 1892 1412 1931 dudun1“.
1446 1914 1501 1918 —
1533 1896 1626 1932 799.

129 1966 208 2006 per
236 1967 477 2006 sermonem,
510 1961 616 1996 inter
647 1959 962 2009 colloquendum.
988 1980 1044 1985 —
1069 1962 1161 1998 801.
1195 1961 1289 1998 Post
1320 1959 1629 2012 sycophantiam

135 2024 286 2072 hiatus3
333 2026 466 2065 Herm.
505 2027 551 2064 R.
584 2027 644 2065 Fl.
683 2030 837 2078 transp.
883 2028 989 2075 „dixi
1026 2026 1168 2075 istuc“,
1215 2029 1373 2067 Miiller.
1417 2030 1553 2079 „Egon
1594 2031 1629 2068 ei

134 2092 277 2132 istuc“.
309 2114 366 2119 —
398 2096 491 2133 804.
523 2092 621 2144 Em,
653 2097 678 2132 i.
712 2109 743 2134 e.
777 2110 835 2143 en,
868 2110 903 2134 v.
937 2096 986 2133 ad
1018 2097 1160 2147 Amph.
1195 2098 1288 2136 771.
1350 2097 1464 2135 Both.
1496 2098 1542 2136 R.
1568 2098 1627 2135 Fl.

139 2160 246 2209 „En“
281 2167 544 2213 reposuerunt
580 2164 710 2201 hiatus
751 2164 904 2201 vitandi
944 2178 1072 2202 causa.
1117 2185 1172 2189 —
1211 2161 1324 2214 Aba,
1372 2166 1476 2215 quod
1517 2166 1627 2203 codd.

135 2233 309 2268 extremo
341 2232 472 2268 versui
503 2232 744 2281 adiungunt,
792 2232 907 2270 Both.
940 2232 1153 2271 Hermann.
1185 2233 1230 2270 R.
1264 2234 1322 2272 Fl.
1357 2235 1395 2270 in
1434 2234 1628 2283 principio

133 2299 302 2349 proximi
340 2303 556 2348 posuerunt
587 2297 651 2347 (cf.
689 2298 848 2347 „Euax“
883 2314 919 2338 v.
954 2297 1052 2350 721)
1084 2302 1140 2338 ita
1170 2305 1214 2338 ut
1251 2299 1360 2348 „Ah“
1396 2302 1626 2347 scriberent,

134 2371 174 2403 et
205 2370 433 2404 omitterent
463 2381 547 2405 voc.
579 2364 674 2406 iam.
734 2368 930 2417 Equidem
967 2371 1280 2407 interiectionem
1321 2373 1388 2407 aut
1419 2369 1627 2406 deleverim

135 2438 205 2472 aut
249 2439 359 2472 extra
403 2448 585 2473 numeros
629 2437 981 2486 pronuntiaverim.
1023 2457 1078 2462 —-
1128 2439 1220 2476 805.
1267 2434 1628 2484 Bellerophontem

134 2516 175 2541 se
205 2503 350 2540 factum
383 2516 466 2540 esse
500 2504 604 2551 dicit,
638 2517 755 2554 quem
786 2504 929 2542 fabulae
960 2506 1177 2543 narrabant
1208 2520 1229 2542 a
1254 2505 1395 2542 Proeto
1422 2504 1627 2542 Corinthio

133 2571 175 2608 in
220 2571 379 2620 Lyciam
423 2571 572 2609 Iobatae
624 2574 706 2622 regi
761 2573 968 2622 epistolam
1023 2574 1224 2619 attulisse,
1278 2573 1318 2608 in
1364 2586 1441 2621 qua
1487 2576 1626 2619 essent,

132 2641 297 2689 propter
336 2653 421 2689 quae
460 2653 500 2677 se
537 2641 804 2688 interimeret,
849 2655 883 2679 v.
917 2642 1033 2680 Hom.
1065 2641 1110 2679 11.
1146 2642 1181 2686 6,
1219 2642 1295 2678 168
1338 2653 1394 2688 sq.
1427 2642 1552 2687 Πέμπε
1592 2641 1628 2676 δέ

133 2721 192 2755 μιν
222 2708 406 2753 Λυκιήνδε,
444 2709 554 2757 πόρεν
594 2708 624 2744 δ’
664 2710 725 2758 ὅγε
764 2711 904 2758 σήματα
945 2711 1061 2759 λυγρὰ
1091 2710 1238 2758 γράψας
1269 2712 1305 2744 ἐν
1337 2711 1457 2744 πίνακι
1489 2711 1628 2756 πτυκτῷ

134 2777 368 2825 θυμοφθόρα
392 2778 518 2813 πολλὰ.
563 2776 623 2814 Ex
647 2777 922 2815 Plautionrum
946 2777 1060 2815 codd.
1080 2773 1277 2825 scriptura
1294 2776 1456 2822 Ritsch„
1484 2776 1626 2813 Priscae
