1897 3171
135 197 198 242 IV,
211 199 244 242 4,
260 197 394 233 19—34
805 194 987 228 Curculio.
1549 196 1629 236 253

132 323 251 365 Bene
274 323 426 364 iuuent
447 325 712 376 pugnantem
737 321 780 361 in
805 320 915 361 acie:
947 320 1028 361 nisi
1052 319 1156 360 mihi
1182 321 1307 373 uirgo
1323 318 1533 370 redditur,
1560 329 1626 363 575

135 395 228 437 Iam
260 408 338 448 ego
368 399 412 436 te
443 393 614 444 faciam,
646 398 695 434 ut
725 391 793 433 hic
823 391 1028 433 formicae
1061 390 1333 432 frustillatim
1365 390 1580 433 differant.

737 477 1029 533 Cappadox

134 553 192 594 At
214 553 278 594 ita
301 565 422 594 meae
445 551 669 603 uolsellae,
702 555 869 605 pecten,
903 549 1138 604 speculum,
1173 548 1471 590 calamistrum
1489 563 1631 590 meum

133 624 252 667 Bene
283 638 350 666 me
382 624 592 666 amassint
622 636 806 676 meaque
839 621 980 663 axicia
1009 621 1280 674 linteumque
1313 621 1515 669 extersui,

132 696 192 739 Ut
223 710 300 750 ego
331 695 667 750 tuamagnifica
696 694 832 736 uerba
860 707 999 746 neque
1025 693 1130 734 istas
1158 696 1256 734 tuas
1283 706 1460 746 magnas
1486 693 1629 734 minas

134 767 232 810 Non
258 768 395 823 pluris
418 767 532 810 facio
565 781 694 820 quam
725 766 929 807 ancillam
953 778 1105 815 meam,
1132 778 1245 819 quae
1270 764 1473 806 latrinam
1496 764 1629 805 lauat.

133 840 225 894 Ego
255 841 376 882 illam
404 839 575 882 reddidi
606 840 654 889 ei,
688 839 762 892 qui
794 842 1023 891 argentum
1054 850 1080 878 a
1111 841 1153 877 te
1187 835 1358 878 adtulit.
1449 826 1455 831 ’

631 925 1141 979 Therapontigonus

1060 995 1166 1047 Quis
1197 996 1233 1037 is
1269 999 1337 1038 est
1367 995 1527 1037 homo?
1568 1006 1630 1040 581

741 1067 1030 1123 Cappadox

137 1143 277 1185 Tuum
307 1143 515 1185 libertum
547 1155 641 1184 sese
673 1140 820 1182 aiebat
852 1154 946 1182 esse
981 1139 1273 1182 Summanum.

623 1227 1140 1281 Therapontigonus

1345 1298 1517 1339 Meum?

137 1375 271 1426 Attat,
303 1372 502 1416 Curculio
533 1371 677 1414 hercle
709 1371 844 1413 uerba
874 1371 978 1412 mihi
1011 1370 1142 1412 dedit.
1198 1370 1335 1420 Quom
1368 1370 1521 1424 cogito,

138 1447 180 1489 Is
210 1445 315 1488 mihi
347 1445 523 1487 anulum
555 1444 788 1498 subripuit.

743 1515 1035 1570 Cappadox

837 1587 1101 1628 Perdidistin
1133 1591 1180 1628 tu
1214 1586 1419 1627 anulum‘?

140 1662 264 1705 Miles
295 1660 445 1715 pulcre
478 1660 744 1702 centuriatus
777 1664 843 1701 est
876 1663 1089 1713 expuncto
1121 1659 1163 1699 in
1204 1657 1441 1712 manipulo.
1570 1668 1635 1702 535

632 1742 1142 1796 Therapontigonus

142 1816 227 1859 Ubi
258 1829 373 1857 nunc
404 1814 708 1857 Curculionem
739 1814 987 1855 inueniam‘.>

741 1885 1033 1940 Cappadox

1014 1958 1064 1998 In
1094 1958 1242 1998 tritico
1274 1955 1494 1998 facillume

142 2033 224 2075 Uel
255 2033 515 2087 quingentos
548 2030 820 2072 curculiones
852 2044 930 2084 pro
963 2043 1049 2071 uno
1081 2028 1181 2070 faxo
1213 2029 1421 2082 reperias.

143 2105 235 2158 Ego
268 2103 398 2155 abeo3
429 2102 528 2145 uale
561 2107 694 2157 atque
726 2102 857 2144 salue.

628 2174 1145 2228 Therapontigonus

909 2245 1022 2287 Male
1054 2245 1166 2296 nale,
1198 2244 1311 2286 male
1344 2244 1400 2286 sit
1430 2243 1522 2285 tibi.

144 2319 259 2370 Quid
291 2333 368 2373 ego
398 2317 585 2360 faciam?
617 2331 816 2359 maneam
848 2331 901 2358 an
935 2317 1118 2359 abeam?
1160 2316 1292 2358 sicine
1324 2315 1430 2356 mihi
1462 2328 1558 2356 esse
1593 2327 1637 2355 os

1100 2387 1338 2430 sublitum?

145 2461 282 2516 Cupio
301 2461 404 2504 dare
420 2461 678 2511 mercedem,
705 2461 777 2514 qui
793 2460 926 2502 illunc
943 2460 1019 2502 ubi
1037 2461 1094 2502 sit
1111 2463 1405 2503 conmonstret
1423 2457 1544 2499 mihi.
1572 2468 1638 2501 590

234 2721 301 2755 578
324 2723 510 2755 extersum
582 2722 646 2756 581
673 2722 706 2756 ei
731 2731 797 2756 om.
881 2722 948 2756 582
973 2732 1051 2756 esse
1077 2720 1199 2755 aiebat
1225 2729 1304 2753 sese
1378 2718 1443 2751 585
1466 2716 1640 2760 pulchere

145 2777 213 2811 589
235 2775 342 2820 Quod
412 2777 569 2813 oblitum
