1897 3171
761 194 802 228 v.
830 196 1020 229 451—462.
1546 199 1625 237 563

254 325 362 362 Inter
391 338 427 362 V.
462 326 541 362 460
575 328 612 361 et
644 337 727 360 eam
761 337 931 369 scenam,
973 337 1056 372 quae
1088 325 1227 374 incipit
1258 338 1292 362 v.
1327 326 1425 371 486,
1466 324 1628 374 aliquod

139 394 328 443 temporis
360 393 530 441 spatium
562 392 830 428 intercesserit
861 404 1016 427 necesse
1048 396 1118 429 est.
1165 392 1243 430 Ubi
1274 393 1344 429 hoc
1371 393 1411 429 in
1435 392 1627 430 Plautinis

142 462 285 498 fabulis
317 461 477 507 accidit,
518 460 690 496 tibicinis
731 463 866 496 cantus
905 460 1142 496 intervenire
1175 461 1290 506 solet,
1331 473 1366 497 v.
1399 460 1555 507 Proleg.
1589 473 1625 509 p.

147 530 222 568 168
250 543 307 579 sq.
355 529 439 566 Hoc
465 529 547 564 loco
581 527 722 563 chora
736 539 820 574 gus
852 527 1119 576 interponitur
1151 533 1389 578 spectatores
1423 528 1625 577 alloquens

142 601 180 634 et
197 611 256 634 res
276 597 323 634 ad
342 611 404 633 eos
422 598 666 646 pertinentes
684 595 784 631 salse
801 596 1082 643 perstringens.
1116 596 1240 632 Huius
1265 597 1388 632 simile
1407 597 1626 646 exemplum

142 666 178 702 in
219 665 326 702 nulla
365 665 441 701 alia
479 663 614 700 fabula
654 666 777 708 extat,
826 662 892 698 sed
940 666 1095 711 cognati
1135 665 1287 713 generis
1326 668 1386 701 est
1426 665 1628 713 παράβασις

142 734 312 782 antiquae
349 733 572 769 Atticorum
615 731 821 767 comoediae.
906 731 999 767 Eam
1043 732 1109 780 qui
1148 732 1296 779 primus
1334 732 1448 768 huius
1487 732 1626 769 fabulae

141 804 278 838 auctor
315 801 406 846 fuit,
456 801 631 849 quamvis
674 799 816 835 chorus
856 799 985 835 nullus
1031 802 1277 848 suppeteret,
1328 800 1460 848 aliquo
1507 800 1625 837 modo

140 871 316 906 imitatus
349 881 432 904 esse
463 867 640 913 videtur,
689 867 855 904 Latinus
897 871 1013 916 poeta
1046 866 1241 903 Romanas
1273 881 1333 903 res
1365 867 1509 904 Graecis
1540 868 1628 904 sub-

141 937 282 974 stituit.
352 935 463 972 Hunc
510 948 587 971 non
628 936 754 984 ipsum
786 934 969 972 Plautum
1009 948 1110 980 esse,
1159 935 1226 971 sed
1266 935 1462 972 inferioris
1504 937 1628 972 aetatis

139 1005 332 1042 hominem
365 1007 403 1040 et
434 1003 628 1048 Osannus,
661 1003 841 1039 Analect.
874 1016 912 1052 p.
950 1004 1048 1049 189,
1094 1008 1133 1040 et
1163 1003 1421 1049 Bitschelius,
1469 1002 1627 1052 Parerg.

140 1086 180 1122 p.
217 1074 293 1110 207
336 1085 406 1120 sq.,
448 1070 721 1117 crediderunt,
763 1071 929 1106 maxime
960 1075 1120 1119 propter
1151 1071 1321 1108 basilicae
1363 1075 1401 1106 et
1439 1072 1629 1120 pistorum

140 1141 378 1177 mentionem
413 1138 506 1184 (471
544 1143 581 1175 et
608 1137 727 1185 482),
771 1152 847 1188 qua
880 1139 925 1175 de
959 1153 1000 1175 re
1031 1152 1067 1176 v.
1101 1139 1203 1175 infra
1234 1143 1271 1175 et
1303 1139 1350 1175 ad
1383 1138 1491 1188 Capt.
1527 1137 1627 1184 8093

141 1208 238 1246 mihi
271 1208 426 1257 quidem
459 1207 642 1243 Plautina
674 1206 755 1243 haec
787 1220 901 1243 scena
932 1206 1101 1243 videtur.
1169 1206 1241 1252 Qui
1279 1220 1369 1243 vero
1402 1207 1464 1243 hic
1495 1207 1629 1256 prodit

141 1278 411 1323 choragus,
445 1288 679 1324 quamquam
706 1274 813 1311 chori
838 1278 974 1324 partes
1000 1277 1093 1322 agit,
1127 1279 1257 1311 tamen
1283 1275 1329 1311 ab
1356 1287 1411 1321 e0,
1445 1275 1511 1323 qui
1530 1275 1628 1316 anti-

141 1346 273 1394 quitus
311 1343 477 1380 Athenis
524 1342 684 1379 chorum
732 1342 920 1389 ducebat,
968 1343 1081 1390 longe
1121 1342 1295 1379 diversus
1337 1347 1407 1380 est.
1484 1342 1628 1379 Graecis

140 1417 271 1450 autem
311 1412 478 1461 χορηγός,
511 1411 529 1447 ὁ
559 1413 736 1460 χορηγῶν,
768 1412 786 1446 ὁ
817 1412 876 1456 τὴν
905 1414 1081 1460 χορηγῶν
1122 1413 1289 1459 παρέχων
1328 1411 1472 1447 dicitur
1512 1411 1628 1446 etiam

139 1481 331 1517 translate
357 1480 424 1528 qui
448 1492 702 1528 quaecumque
736 1479 782 1515 ad
816 1480 985 1529 aliquam
1017 1493 1097 1515 rem
1129 1493 1225 1529 opus
1257 1482 1347 1515 sunt
1379 1478 1626 1528 suppeditat3

142 1546 419 1597 „choragium“
448 1547 558 1596 Capt.
581 1548 627 1583 61
657 1551 713 1583 est
743 1548 1045 1584 instrumentum
1080 1551 1119 1584 et
1149 1550 1383 1596 apparatus,
1416 1546 1477 1582 hic
1514 1546 1625 1592 „cho-

138 1613 278 1666 ragus“
314 1617 380 1666 qui
420 1618 649 1653 ornamenta
681 1619 718 1651 et
751 1616 982 1652 vestimenta
1012 1615 1223 1652 theatralia
1253 1614 1403 1663 praebet
1435 1614 1496 1650 vel
1527 1626 1626 1662 prae-

138 1684 265 1722 benda
305 1685 469 1734 suscipit
507 1687 545 1720 et
574 1683 674 1720 locat
708 1683 967 1720 histrionibus
1009 1681 1059 1729 (V.
1092 1681 1212 1729 463),
1259 1683 1517 1730 ἱματιομίσθας
1555 1681 1626 1718 hos

141 1752 321 1790 dicebant
360 1751 485 1789 Graeci
528 1754 789 1801 posteriores,
838 1765 871 1788 v.
912 1751 1007 1788 Pol]r
1058 1751 1138 1798 v'II,
1190 1752 1254 1788 78.
1344 1750 1425 1787 Hos
1471 1762 1626 1798 quoque

139 1819 354 1858 artificibus
385 1819 527 1856 Bacchi
568 1819 827 1856 adnumerant
866 1820 973 1856 tituli
1004 1819 1187 1869 Delphici
1219 1818 1322 1867 apud
1355 1817 1531 1863 Luders„
1565 1816 1626 1852 die

138 1888 421 1937 Dionysischen
460 1887 648 1924 Kiinstler
685 1901 722 1937 p.
760 1888 835 1924 114
877 1891 915 1924 et
957 1888 1032 1924 192
1066 1900 1150 1936 sqq.
1221 1886 1276 1923 Cf.
1310 1886 1416 1922 Pers.
1454 1886 1529 1922 160
1568 1898 1625 1933 sq.

146 1958 300 2003 ,,Πόθεν
331 1953 588 1993 ornamenta?
659 1955 735 1993 TO.
782 1955 864 1992 Abs
912 1955 1080 2003 chorago
1126 1956 1289 2000 sumito,
1343 1953 1445 1990 Dare
1491 1952 1626 1998 debet3

139 2024 363 2074 praebenda
394 2024 541 2060 aediles
572 2021 841 2061 locaue1·unt“.
913 2023 1019 2060 Trin.
1055 2024 1155 2060 858:
1204 2022 1315 2071 „Ipse
1348 2024 1575 2058 ornamenta
1606 2033 1628 2056 a

141 2093 311 2141 chorago
342 2092 439 2129 haec
470 2093 636 2141 sumpsit
668 2104 735 2128 suo
765 2088 983 2140 periculo“.

254 2161 347 2198 461.
395 2156 576 2208 lepidwm
609 2156 752 2208 lepide.
814 2159 948 2196 Placet
987 2159 1062 2196 sibi
1092 2159 1131 2195 in
1163 2158 1297 2195 eadem
1328 2158 1488 2194 notione
1518 2168 1627 2204 repe-

139 2228 270 2277 tenda,
302 2242 338 2266 V.
372 2227 419 2265 ad
450 2228 593 2278 Amph.
620 2229 712 2265 274.
773 2227 876 2264 infra
907 2228 1007 2264 467:
1046 2227 1191 2273 „nimio
1224 2238 1342 2275 opere
1366 2254 1373 2262 .
1395 2254 1402 2262 .
1428 2220 1625 2272 opera1n“.

141 2297 226 2334 Mil.
266 2297 367 2334 493:
419 2299 551 2343 „recta
595 2295 716 2332 habet
760 2299 907 2332 rectam
948 2292 1093 2332 uiam“.
1167 2293 1308 2331 Pseud.
1353 2292 1448 2329 571:
1501 2302 1627 2336 „nouo

141 2365 255 2402 modo
286 2377 430 2401 nouom
462 2363 624 2414 aliquod
654 2365 859 2400 inuentum
890 2360 1084 2400 adferre“.
1110 2382 1166 2387 —
1196 2362 1289 2398 462.
1322 2359 1420 2396 Non.
1453 2372 1490 2407 p.
1527 2359 1625 2394 120:

147 2429 442 2482 „Halofcmtam
473 2430 544 2469 aut
575 2428 859 2481 Sycofcml‘am,
906 2431 1107 2468 hominum
1138 2441 1258 2478 genus
1289 2439 1474 2476 nequam,
1522 2423 1628 2473 quod

143 2501 192 2538 ob
230 2500 377 2537 suenda
416 2500 620 2537 mendacia
663 2500 880 2536 miserrima
917 2498 1095 2535 mercede
1135 2495 1375 2533 conducitur.
1442 2493 1626 2530 Plautus:

141 2568 382 2606 halofantam
421 2571 489 2605 aut
529 2567 772 2616 sycofantam
804 2568 928 2614 magis
961 2579 1042 2602 esse
1075 2565 1211 2602 dicam.
1271 2562 1324 2598 Et
1355 2561 1454 2598 alius
1487 2559 1626 2597 nobili-

142 2637 236 2674 tatis
266 2635 460 2673 obscurae:
508 2635 752 2672 halofantam
793 2634 1018 2671 mendacem
1049 2628 1169 2669 velit“
1246 2629 1305 2666 Ex
1337 2642 1414 2678 quo
1445 2628 1517 2665 hoc
1546 2627 1626 2676 pri-

142 2718 247 2742 mum
279 2705 467 2753 sequitur,
500 2705 556 2740 ita
587 2703 636 2739 ad
666 2704 809 2740 iustam
835 2714 1056 2739 mensuram
1082 2711 1236 2736 versum
1261 2695 1520 2744 redigendum
1544 2706 1627 2731 esse

142 2777 188 2809 ut
203 2768 310 2810 hunc
327 2776 367 2809 et
383 2768 456 2810 7200
473 2772 717 2818 omittantur,
743 2771 773 2807 si
798 2772 860 2806 cui
888 2768 1070 2817 displicet
1090 2764 1462 2816 proceleusmaticus
1483 2762 1628 2810 „magis

1293 2838 1357 2872 36*
