1854 3188
257 211 309 249 38
934 207 1058 242 Plauti
1483 209 1545 253 iv,
1560 210 1591 255 1,
1609 212 1706 254 1—2,
1723 212 1744 245 2

543 331 866 385 STRORILUS,
899 332 1200 375 LYCONIDIS
1234 333 1463 376 SERUOS.

258 411 353 453 Hoc
385 417 451 454 est
483 412 597 453 serui
626 411 794 454 facinus
825 413 952 467 frugi,
984 413 1138 465 facere,
1170 412 1286 467 quod
1317 427 1394 467 ego
1426 428 1685 468 persequor:

258 483 321 524 Ne
353 497 499 526 morae
530 484 842 538 molestiaeque
874 485 1088 539 inperium
1120 485 1224 526 erile
1254 484 1418 527 habeat
1449 485 1543 527 sibi.
1679 498 1746 532 580

257 554 368 596 Nam
400 557 476 609 qui
507 571 578 598 ero
611 571 661 598 ex
694 558 909 598 sententia
940 558 1101 598 seruire
1135 571 1283 607 seruos
1313 558 1520 611 postulat,

257 626 307 668 In
340 642 462 669 erum
492 633 677 680 matura,
709 629 753 670 in
786 643 831 670 se
864 643 961 670 sera
993 629 1203 670 condecet
1234 642 1484 683 capessere,

260 698 335 741 Sin
368 699 583 752 dormitet,
615 702 678 743 ita
709 701 925 753 dormitet,
959 714 1131 742 seruom
1162 715 1255 742 sese
1286 706 1334 742 ut
1365 702 1538 754 cogitet.

257 773 332 814 Eri
358 773 421 814 ita
444 773 658 826 inperium
684 773 860 824 ediscat,
893 778 953 823 ut,
987 773 1102 825 quod
1131 771 1249 814 frons
1285 772 1405 824 uelit,
1438 773 1551 814 oculi
1583 773 1744 826 sciant3

260 844 385 894 Quod
415 845 576 897 iubeat,
609 846 706 887 citis
741 845 962 899 quadrigis
995 845 1122 886 citius
1153 849 1359 898 properet
1389 846 1602 899 persequi.
1681 856 1748 890 585

260 916 342 966 Qui
374 932 425 959 ea
458 918 641 969 curabit,
675 917 909 958 abstinebit
941 918 1143 959 censione
1175 916 1349 968 bubula,

259 990 410 1044 Neque
443 1004 519 1031 sua
553 1004 685 1044 opera
710 990 878 1043 rediget
904 1003 1107 1043 umquam
1134 989 1179 1030 in
1203 988 1477 1042 splendorem
1506 988 1748 1042 compedes.

262 1062 374 1103 Nam
406 1063 478 1116 qui
510 1063 673 1103 amanti
704 1076 776 1103 ero
810 1062 1066 1103 seruitutem
1097 1061 1246 1111 seruit,
1279 1063 1403 1113 quasi
1435 1074 1512 1113 ego
1545 1061 1701 1111 seruio,

260 1135 303 1176 Si
331 1149 450 1175 erum
474 1135 595 1176 uidet
620 1148 823 1188 superare
849 1147 1051 1184 amorem,
1083 1133 1164 1174 1106
1189 1134 1303 1174 serui
1321 1147 1413 1174 esse
1433 1131 1620 1174 officinm
1636 1147 1748 1184 reor,

260 1207 462 1248 Retinere
480 1207 535 1248 ad
552 1207 750 1258 salutem,
777 1220 979 1256 noenum,
1006 1219 1087 1258 quo
1112 1205 1348 1255 incumbat,
1373 1219 1422 1245 eo
1439 1203 1657 1258 inpellere.
1685 1215 1752 1249 590

261 1277 394 1329 Quasi
425 1280 548 1334 pueri
580 1279 653 1332 qui
683 1293 789 1320 nare
822 1278 1005 1329 discunt,
1038 1278 1206 1331 scirpea
1236 1276 1433 1318 induitur
1462 1276 1580 1326 ratis,

262 1351 344 1400 Qui
375 1351 573 1393 laborent
605 1352 760 1401 minus,
792 1350 962 1393 facilius
994 1354 1043 1391 ut
1073 1353 1176 1390 nent
1208 1353 1251 1390 et
1280 1352 1486 1391 moueant
1516 1362 1692 1389 manus:

261 1423 426 1465 Eodem
450 1424 577 1466 modo
606 1437 778 1465 seruom
800 1427 939 1464 ratem
964 1436 1058 1463 esse
1087 1421 1250 1463 amanti
1275 1434 1346 1462 ero
1373 1434 1556 1474 aequom
1583 1434 1751 1472 censeo,

260 1496 319 1538 Ut
349 1497 518 1547 toleret,
551 1510 605 1537 ne
637 1510 813 1550 pessum
846 1495 985 1546 abeat,
1017 1499 1240 1548 tamquam

260 1568 384 1610 Nunc
415 1583 515 1610 erus
547 1582 668 1609 meus
700 1572 818 1610 amat
847 1566 980 1608 filiam
1011 1566 1138 1607 huius
1169 1564 1388 1606 Euclionis
1418 1564 1646 1618 pauperis3
1686 1575 1752 1608 595

260 1641 368 1682 Eam
400 1655 471 1682 ero
503 1655 615 1682 nunc
644 1640 985 1681 renuntiatumst
1015 1642 1198 1691 nuptum
1236 1637 1335 1678 111116
1366 1636 1601 1690 Megadoro
1634 1636 1751 1688 dari3

264 1712 306 1753 Is
324 1712 595 1766 speculatum
611 1712 696 1754 huc
712 1712 828 1753 misit
844 1726 923 1762 me,
958 1715 1017 1761 ut,
1051 1723 1162 1764 quae
1178 1709 1343 1760 fierent,
1376 1708 1499 1750 fieret
1515 1709 1750 1762 particeps.

261 1784 388 1826 Nunc
420 1785 510 1826 sine
543 1785 659 1826 omni
691 1785 937 1838 suspicione
968 1784 1013 1824 in
1044 1797 1119 1824 ara
1149 1781 1219 1822 hic
1251 1780 1451 1822 adsidam
1484 1793 1629 1831 sacra,

262 1856 375 1898 Hinc
407 1871 485 1911 ego
519 1862 561 1899 et
590 1857 675 1898 huc
708 1861 751 1898 et.
780 1857 883 1897 illuc
916 1859 1081 1913 potero,
1115 1853 1218 1908 quid
1249 1857 1393 1906 agant,
1426 1852 1695 1893 arbitrarier.

472 1989 683 2032 EUCLIO
700 1988 911 2040 ,SENEX
973 1985 1283 2029 STROBILUS
1318 1984 1547 2026 SERUOS.

913 2067 1100 2108 Euclio

257 2143 329 2200 *Tu
358 2142 484 2184 modo
518 2156 621 2184 caue
649 2141 882 2195 quoiquam
905 2139 1144 2189 indicassis,
1177 2152 1331 2179 aurum
1357 2151 1499 2178 meum
1526 2150 1617 2178 esse
1643 2136 1754 2188 istic,

1217 2210 1367 2261 Fides,
1688 2220 1757 2253 600

264 2286 362 2328 Νο11
399 2290 566 2338 metuo,
604 2300 657 2328 ne
700 2286 927 2338 quisquam
966 2284 1180 2334 inueniat3
1220 2283 1283 2323 ita
1322 2281 1454 2335 probe
1499 2282 1543 2322 in
1574 2280 1754 2322 latebris

1219 2355 1406 2396 situmst.

356 2449 447 2484 Post
470 2451 536 2484 578
561 2448 743 2483 Strobilus
770 2447 959 2481 Liconidis
986 2457 1112 2480 seruus

812 2503 996 2538 SERUUS

268 2566 329 2598 581
359 2564 609 2597 sentententia
748 2563 813 2596 583
840 2561 904 2594 Sin
929 2561 1066 2593 dormit
1091 2562 1127 2593 et
1151 2560 1203 2593 ita-
1229 2558 1406 2591 dormitat
1432 2569 1580 2592 seruum
1606 2567 1757 2591 seruum

269 2632 350 2655 sese
447 2620 604 2655 584-87
630 2621 795 2664 Ieyzmtur
816 2622 899 2661 post
921 2618 999 2652 597.
1101 2618 1167 2650 584
1191 2615 1316 2649 Herile
1340 2615 1540 2658 imperium
1631 2613 1757 2647 fronos

269 2679 335 2713 586
362 2689 544 2712 censeone
638 2678 703 2710 58¹7
726 2675 843 2709 rediet
948 2674 1014 2706 590
1038 2685 1115 2707 11011
1140 2673 1238 2706 6111111
1341 2673 1405 2707 591
1436 2672 1559 2715 sirpea
1582 2670 1759 2704 inductur

268 2736 337 2769 594
360 2735 510 2770 tolleret
586 2734 721 2768 habeat
823 2732 887 2765 597
911 2729 1042 2764 fierent
1066 2729 1162 2764 furet
1187 2730 1372 2774 particeps
1466 2729 1534 2762 600
1558 2727 1758 2771 quicquam

269 2792 472 2826 indicasses
565 2792 630 2825 601
656 2790 793 2835 probet
