1854 3188
97 199 171 244 ΙΙΙ,
187 200 219 243 5,
239 200 348 234 1—26
751 199 951 233 Aulularia.
1543 206 1594 244 33

370 391 720 434 MEGADORUS
752 391 969 440 EUGL10‚
1005 391 1180 434 SENES
1214 394 1340 436 DUO.

696 495 1014 547 Megadorus

102 565 298 608 Narraui
329 568 479 608 amicis
511 567 659 608 multis
693 567 921 608 consilium
952 581 1096 608 meum

109 638 173 680 De
206 639 457 680 condicione
488 639 572 680 hac
603 639 822 679 Euclionis
853 638 987 690 filiae3

112 710 313 752 Laudant
344 711 564 765 sapienter
594 710 754 752 factum
788 715 831 752 et
863 712 1042 752 consilio
1074 711 1200 753 bono.

106 781 234 833 Nam,
266 797 359 824 meo
393 783 567 836 quidem
600 784 755 830 animo,
789 784 824 824 si
855 783 969 824 idem
1000 782 1163 824 faciant
1195 783 1327 824 ceteri
1535 796 1602 828 470

103 853 430 907 ”Opulentioreffi
463 856 770 908 pauperiorum
801 855 911 897 filias

109 925 169 967 Ut
200 927 422 968 indotatas
457 927 617 968 ducant
646 942 802 968 uxores
836 927 1021 979 domum,

112 998 170 1039 Et
200 999 334 1040 multo
366 998 442 1039 fiat
474 1000 628 1040 ciuitas
660 999 925 1049 concordior,

112 1072 170 1113 Et
200 1072 365 1113 inuidia
394 1085 473 1112 nos
505 1071 668 1112 minore
701 1075 884 1123 utamur,
917 1086 1044 1124 quam
1074 1072 1247 1123 utimur,

114 1145 172 1185 Et
202 1144 302 1185 illae
334 1143 491 1184 malam
522 1157 613 1183 rem
645 1148 854 1194 metuant,
888 1157 1015 1196 quam
1051 1148 1260 1195 metuunt,
1294 1145 1442 1196 magis,
1538 1154 1605 1188 475

113 1217 171 1258 Et
200 1230 278 1257 nos
310 1215 473 1256 minore
506 1219 679 1268 sumptu
714 1216 860 1266 simus,
893 1229 1022 1268 quam
1054 1230 1212 1257 sumus.

113 1288 163 1329 In
195 1301 442 1328 maxumam
471 1286 574 1327 illuc
607 1287 753 1341 populi
785 1292 996 1341 partemst
1029 1292 1266 1341 optumum,

115 1359 164 1400 In
195 1360 420 1413 pauciores
453 1358 605 1400 auidos
638 1359 922 1411 altercatiost,

114 1430 309 1480 ‘Quorum
341 1432 493 1472 animis
526 1431 664 1473 auidis
696 1436 827 1485 atque
859 1432 1186 1473 insatietatibus

117 1503 267 1557 Neque
298 1503 366 1545 lex
398 1517 537 1556 neque
570 1508 691 1545 sutor
714 1504 739 1556 †
767 1518 922 1558 capere
955 1509 1022 1546 est
1055 1505 1127 1558 qui
1159 1505 1298 1559 possit
1330 1505 1515 1546 modum.
1543 1516 1609 1550 480

116 1575 314 1628 Namque
346 1575 427 1616 hoc
459 1576 533 1628 qui
566 1576 704 1617 dicat:
740 1576 831 1625 Quo
863 1577 964 1618 illae
997 1577 1162 1618 nubent
1193 1577 1350 1618 diuites

114 1647 314 1698 Dotatae,
347 1648 383 1688 si
414 1648 531 1688 istud
562 1649 629 1688 ius
662 1649 927 1701 pauperibus
959 1649 1164 1702 ponitur?

111 1719 210 1769 'Quo
243 1720 400 1771 lubeat,
431 1719 606 1770 nubant,
640 1720 741 1760 dum
773 1720 850 1761 dos
883 1735 935 1761 ne
967 1719 1044 1761 fiat
1077 1735 1233 1762 comes.

115 1792 207 1833 Hoc
239 1793 274 1833 si
306 1793 368 1833 ita
398 1790 483 1842 fiat,
516 1806 659 1832 mores
692 1792 890 1833 meliores
924 1793 1006 1833 sibi

113 1863 276 1905 Parent
307 1877 383 1917 pro
417 1863 517 1904 dote
550 1877 657 1917 quos
689 1863 842 1915 ferant,
877 1878 1006 1917 quam
1038 1878 1151 1905 nunc
1181 1865 1336 1906 ferunt.
1540 1875 1607 1909 485

113 1936 205 1988 Ego
237 1935 382 1986 faxim,
414 1935 530 1985 muli⁷
563 1923 702 1989 pretio
734 1937 806 1987 qui
839 1940 1047 1990 superant
1081 1950 1225 1989 equos,

106 2008 210 2049 -Sint
240 2008 414 2048 uiliores
448 2007 629 2048 Gallicis
663 2007 911 2049 cantheriis.

766 2101 952 2144 Euclio

114 2174 183 2216 Ita
212 2188 280 2216 me
313 2173 355 2214 di
387 2173 606 2224 amabunt,
640 2177 688 2215 ut
720 2188 797 2226 ego
830 2175 943 2216 hunc
975 2175 1169 2216 ausculto
1202 2175 1376 2227 lubens3

112 2246 252 2288 Nimis
283 2245 424 2299 lepide
455 2245 558 2286 fecit
590 2246 726 2287 uerba
757 2246 812 2287 ad
843 2248 1166 2300 parsimoniam.

701 2341 1022 2394 Megadorus

112 2412 245 2454 Nulla
276 2426 376 2465 ergo
410 2412 548 2452 dicat:
582 2412 794 2467 Equidem
828 2413 972 2454 dotem
1004 2413 1057 2454 ad
1088 2418 1130 2455 te
1164 2413 1302 2455 adtuli
1538 2424 1605 2457 490

112 2485 322 2525 Maiorem
355 2483 501 2535 multo,
533 2498 662 2536 quam
692 2484 773 2526 tibi
805 2489 899 2526 erat
931 2487 1133 2538 pecunia3

114 2556 241 2598 Enim
273 2555 375 2596 mihi
408 2555 581 2608 quidem
613 2560 838 2609 aequomst
870 2572 1107 2611 purpuram
1146 2562 1276 2610 atque
1310 2571 1465 2598 aurum
1497 2555 1602 2605 dari,

204 2724 271 2758 468
295 2722 407 2756 filiam
485 2725 552 2758 474
575 2725 717 2759 minore
742 2737 809 2760 nos
888 2727 954 2760 475
980 2727 1029 2761 Et
1052 2727 1112 2761 ille
1189 2727 1255 2760 477
1282 2725 1459 2770 optimam
1535 2726 1602 2759 478

111 2780 298 2824 paucioris
376 2781 443 2814 482
467 2780 606 2815 Dotata
631 2793 668 2816 es
693 2782 793 2816 istud
817 2783 872 2816 uis
943 2785 1009 2818 483
1034 2784 1186 2817 iubeant
1255 2783 1320 2816 487
1348 2782 1450 2816 Sient

1312 2851 1331 2883 3
