1897 3171
783 191 824 225 V.
854 191 1039 225 194—224.
1574 190 1597 228 2
1604 191 1626 229 9
1633 191 1654 229 5

164 320 313 373 loqui“.
375 322 566 371 Seyffert.,
607 320 717 358 Stud.
756 320 886 356 Plaut.
917 333 956 369 p.
991 320 1034 355 4:
1085 318 1206 365 „mihi
1245 317 1349 355 haud
1388 315 1562 355 lubeat'‘.
1603 337 1658 342 —-

169 391 260 429 206.
312 386 452 440 Quid?
495 389 643 439 inquit,
690 388 799 438 quali
837 384 920 436 fide
957 400 1018 424 me
1058 386 1264 424 arbitraris
1296 383 1406 423 esse?
1438 406 1494 411 —
1523 386 1656 423 Poste-

164 462 308 497 riorem
338 471 474 496 versus
504 461 657 507 partem
687 456 837 493 Nonius
869 455 1004 492 attulit
1042 468 1080 503 p.
1115 455 1195 491 454
1238 468 1295 503 sq.
1326 474 1383 480 —
1416 456 1508 492 208.
1549 452 1659 492 mala

166 531 255 564 ante
301 527 493 564 malitiam
538 525 734 571 abundat,
789 527 834 561 ut
878 523 1014 560 multa.
1088 523 1263 560 Pessime
1302 523 1452 560 Nonius
1498 536 1535 572 p.
1577 523 1658 561 454

163 598 329 646 propter
358 595 461 632 hunc
491 607 646 632 versum
675 589 915 641 „Malitiam“
946 591 1076 640 inquit
1111 594 1300 637 „veteres,
1333 594 1377 628 ut
1404 591 1546 638 dolum,
1578 604 1656 627 me-

166 663 273 701 dium
303 662 523 713 ponendam
555 675 640 700 esse
672 661 887 707 duxerunt,
936 661 1047 709 quasi
1086 660 1137 696 sit
1168 662 1207 696 et
1237 657 1379 696 bona“.
1426 656 1514 696 Sine
1546 657 1658 696 omni

164 729 327 771 malitia
356 732 506 780 legitur
537 732 654 768 etiam
684 730 792 767 Trin.
828 730 928 775 3383
974 730 999 765 i.
1033 741 1064 764 e.
1098 728 1182 765 sine
1213 727 1306 774 ulla,
1347 727 1393 764 cf.
1426 728 1530 764 infra
1564 728 1655 765 598.

165 800 322 838 Trucul.
358 801 455 838 562:
494 801 601 847 „sine
638 799 743 836 bona
773 799 878 835 omni
907 795 1077 845 gratia“.
1131 796 1219 834 Ter.
1251 795 1376 833 Andr.
1410 797 1512 833 391:
1548 796 1658 843 „sine

166 870 272 907 omni
302 866 491 918 periclo“.
553 867 630 906 Cic.
664 867 771 905 Orat.
804 867 852 913 H,
890 867 923 912 1,
960 867 1004 902 5:
1055 866 1160 911 „sine
1199 866 1305 901 omni
1336 864 1572 913 sapientia⁴'.
1605 884 1659 888 —

167 937 261 975 209.
295 933 478 975 arbitror
506 936 647 973 ultima
677 935 807 983 longa,
839 947 876 971 v.
910 933 1064 981 Proleg.
1096 947 1135 983 p.
1165 934 1256 971 195.
1287 952 1343 957 -
1374 928 1538 970 Aurum
1568 928 1661 969 huic

167 1002 255 1052 olet,
287 1005 368 1043 vid.
401 1005 451 1042 ad
480 1004 622 1053 Amph.
658 1005 750 1041 317.
782 1023 838 1028 —
870 1004 963 1039 211.
1001 999 1101 1051 choe
1131 1011 1198 1039 res
1231 1002 1336 1039 recte
1366 1000 1523 1048 πονίαέ,
1568 1001 1592 1038 i.
1626 1013 1659 1037 e.

164 1074 266 1111 bene
303 1076 453 1120 vertat,
495 1072 904 1121 solemnispraefatio.
935 1090 991 1095 -—
1034 1071 1126 1107 213.
1175 1067 1365 1107 (leem-mn
1409 1066 1491 1106 tuis
1521 1065 1659 1117 factis,

167 1142 364 1180 ablativus
397 1141 557 1178 additur
588 1140 782 1177 adiectivo
813 1142 858 1176 ut
891 1135 1077 1189 „digno“,
1111 1139 1158 1175 cf.
1184 1138 1270 1176 Mil.
1300 1139 1398 1176 620:
1439 1151 1589 1187 „neque
1620 1141 1660 1175 te

166 1210 307 1248 decora
337 1222 463 1259 neque
492 1210 573 1246 tuis
604 1205 865 1246 uirtutibus“.
902 1227 950 1232 —-
987 1208 1078 1244 214.
1130 1203 1345 1244 &mosellum
1385 1203 1458 1244 abs
1491 1206 1546 1253 te,
1595 1207 1662 1255 qui

166 1279 264 1317 nihil
302 1291 414 1316 noxae
452 1279 493 1315 in
531 1281 570 1315 te
610 1278 817 1315 commisit.
887 1276 965 1313 Pro
1007 1271 1082 1314 abs
1124 1273 1208 1313 tuis
1239 1275 1270 1312 B
1303 1275 1351 1312 ab
1383 1276 1518 1312 initio:
1570 1275 1661 1321 „ab-

167 1346 312 1385 stitis“.
344 1366 400 1372 —
433 1348 524 1384 216.
559 1345 616 1383 Cf.
649 1345 755 1382 Trin.
789 1345 891 1383 448:
946 1344 1108 1394 „Neque
1139 1347 1177 1381 te
1208 1343 1381 1380 derisum
1412 1344 1505 1380 ueni
1535 1356 1662 1393 neque

167 1415 326 1465 dignum
359 1413 498 1465 puto“,
531 1428 583 1452 sc,
618 1415 685 1463 qui
715 1413 895 1451 ridearis.
927 1433 982 1438 —
1015 1414 1108 1451 219.
1151 1413 1253 1450 Ante
1285 1408 1486 1451 hominem
1517 1412 1660 1458 hiatus,

165 1497 203 1522 v.
235 1484 391 1532 Proleg.
417 1496 455 1532 p.
483 1484 576 1521 221.
623 1482 829 1520 Acidalius
861 1482 1006 1531 aliique
1037 1478 1153 1529 „ted“
1180 1481 1434 1530 scripserunt,
1467 1479 1660 1530 Spengel„

167 1552 296 1589 Plaut.
317 1553 416 1589 229:
453 1549 724 1599 „homonem“.
741 1570 797 1576 -—
816 1551 907 1587 220.
941 1549 1076 1588 (elatem
1100 1549 1259 1587 Brixius
1284 1549 1524 1595 emendavit3
1556 1561 1661 1586 rece-

167 1621 228 1671 pit
258 1619 442 1669 Wagner.
481 1639 538 1644 ——
578 1621 671 1657 223.
722 1615 803 1658 Ubi
842 1619 1038 1668 repetitur
1075 1630 1152 1654 non
1182 1630 1254 1666 per
1285 1617 1547 1667 anaphoram,
1594 1616 1663 1654 sed

169 1702 246 1738 quo
287 1701 390 1726 nova
430 1688 599 1725 addatur
637 1687 813 1725 condicio
852 1687 1048 1735 superiori
1085 1685 1314 1732 subiuncta,
1361 1685 1403 1722 id
1441 1685 1546 1735 quod
1584 1698 1663 1722 non

167 1770 259 1794 raro
289 1755 334 1793 fit
364 1757 405 1794 in
435 1770 520 1794 voc.
557 1755 654 1804 „si''‘,
686 1756 765 1794 vid.
799 1754 917 1792 Stich.
954 1755 1030 1791 523
1066 1767 1123 1804 sq.
1160 1754 1354 1801 „Nimiast
1383 1754 1589 1804 uoluptas,
1630 1756 1663 1791 si

169 1825 237 1863 diu
269 1825 414 1862 afueris
445 1838 467 1862 a
493 1824 620 1871 domo,
652 1824 820 1862 Domum
851 1824 884 1860 si
913 1822 1094 1870 redieris,
1126 1823 1159 1860 si
1190 1822 1245 1859 ibi
1275 1823 1424 1859 nullast
1456 1821 1663 1871 aegritudo

170 1894 298 1931 animo
332 1890 531 1931 obuiam“.
592 1892 742 1943 Saepius
773 1893 892 1929 etiam
925 1891 1062 1938 Graeci,
1102 1904 1138 1929 v.
1171 1891 1306 1931 Madv.
1340 1890 1448 1939 Synt.
1481 1890 1548 1928 Gr.
1584 1890 1662 1928 194

171 1975 193 1999 a
223 1966 304 1999 not.
334 1964 368 1999 3.
426 1961 658 1999 Stallbaum.
693 1960 742 1998 ad
772 1960 923 1997 Platon.
956 1960 1106 1997 Theaet.
1135 1961 1212 1997 147
1244 1959 1291 1998 A.
1320 1979 1368 1984 -—
1404 1960 1497 1997 224.
1529 1956 1666 2008 mayis

169 2026 292 2068 haud.
337 2030 401 2067 Ad
431 2033 652 2067 accuratam
684 2029 841 2066 dicendi
871 2029 1062 2066 rationem
1098 2028 1227 2075 „haud
1257 2025 1407 2076 magis“
1441 2027 1665 2078 ponendum

170 2103 265 2146 erat,
297 2100 435 2148 itaque
466 2098 591 2135 edidit
620 2097 803 2135 Weisius.
860 2096 935 2134 Sed
966 2097 1123 2134 videtur
1155 2097 1330 2144 Plautus,
1361 2100 1407 2134 ut
1438 2097 1594 2133 omnino
1625 2096 1665 2132 in

170 2167 378 2204 verborum
410 2166 548 2204 ordine
579 2165 743 2203 liberior
774 2169 851 2212 est,
890 2166 947 2202 ita
985 2168 1102 2203 etiam
1139 2165 1308 2213 negandi
1340 2165 1576 2215 particulam
1607 2165 1664 2200 in-

171 2234 329 2272 terdum
359 2236 643 2284 postposuisse,
675 2233 722 2271 cf.
755 2233 862 2270 Trin.
889 2234 989 2270 233:
1027 2233 1100 2281 „de
1130 2234 1203 2271 hac
1233 2247 1275 2270 re
1306 2233 1402 2270 mihi
1434 2234 1529 2270 satis
1561 2231 1666 2269 haud

170 2301 336 2352 liquet⁴‘.
383 2303 526 2352 Amph.
554 2303 653 2339 673:
701 2315 813 2350 „eum
844 2302 989 2339 salutat
1019 2304 1143 2351 magis
1173 2301 1279 2339 haud
1311 2302 1518 2351 quisquam
1550 2312 1666 2349 quam

173 2368 346 2408 canem“.
410 2372 508 2408 676:
560 2371 695 2420 „quasi
728 2370 874 2408 dudum
905 2383 984 2407 non
1021 2368 1210 2417 uideris“,
1250 2383 1347 2419 quos
1386 2370 1503 2416 locos,
1546 2380 1665 2417 quum

171 2439 501 2489 Amphitruonem
533 2439 700 2486 ederem,
732 2424 805 2488 pro
837 2440 981 2488 spuriis
1011 2439 1154 2486 habui,
1195 2439 1300 2488 quod
1331 2438 1473 2475 nollem
1504 2436 1664 2473 factum.

172 2506 372 2545 Praeterea
403 2507 515 2557 Capt.
535 2507 629 2545 424.
664 2509 757 2545 951.
803 2506 946 2544 Pseud.
966 2509 1068 2546 280:
1104 2507 1230 2555 „Quia
1259 2507 1334 2544 tibi
1366 2506 1490 2542 minas
1520 2504 1666 2552 uiginti

172 2588 246 2625 pro
278 2578 402 2613 amica
432 2577 551 2613 etiam
581 2588 659 2613 non
691 2573 838 2623 dedit&
879 2589 952 2626 pro
987 2574 1226 2624 „nondum“.
1289 2574 1399 2611 Cure.
1435 2573 1535 2610 579:
1588 2571 1666 2617 „Ut

175 2656 247 2693 ego
284 2647 354 2681 tua
391 2643 599 2692 magnifica
637 2644 761 2681 uerba
798 2657 924 2693 neque
962 2645 1058 2681 istas
1095 2647 1184 2681 tuas
1223 2653 1383 2690 magnas
1423 2642 1547 2677 minas
1578 2639 1665 2676 Non

174 2711 299 2760 pluris
323 2712 423 2749 facio
450 2726 567 2762 quam
587 2742 594 2750 .
615 2743 622 2750 .
643 2711 692 2759 .“‚
724 2713 793 2750 ubi
816 2713 872 2749 ita
894 2713 1126 2762 praecipitur
1151 2712 1280 2748 animo
1304 2712 1463 2757 negatio
1488 2721 1663 2757 sequenS,

174 2782 220 2816 ut
257 2781 375 2817 etiam
419 2779 593 2829 „neque⁸4
628 2793 699 2829 pro
735 2778 901 2830 „atque“
936 2784 1119 2830 ponatur.
1152 2798 1208 2803 —
1240 2775 1376 2828 (suasi,
1424 2779 1448 2815 i.
1482 2790 1514 2815 e.
1549 2790 1665 2826 quam
