1897 3171
272 192 351 231 518
933 186 1099 231 Captiui..

268 320 468 367 potestate
510 317 708 365 conspicio
746 314 928 361 nostra“;
971 315 1035 353 ΒΓ.
1073 313 1246 362 „istunc“
1293 328 1365 363 pro
1402 314 1576 363 „hunc“;
1610 316 1759 367 Stalag-

270 399 373 422 mum
405 385 506 422 enim
545 385 716 432 intelligi
753 389 932 434 apparet.
993 384 1073 421 Nec
1103 388 1237 421 tamen
1267 382 1357 419 ideo
1398 383 1474 420 alio
1515 384 1578 422 hic
1616 398 1759 434 prono-

269 457 373 492 mine
405 466 504 502 opus
536 453 622 498 erit,
665 452 742 490 alio
773 453 814 489 in
844 455 1024 501 proximo
1065 465 1199 498 versu,
1239 452 1307 489 ubi
1338 452 1582 489 Philocrates
1614 454 1759 501 signifi-

270 528 392 568 catur,
425 521 505 559 vid.
534 520 583 558 ad
605 520 695 558 Aul.
717 521 808 558 648.
856 521 951 557 Fuit
982 533 1100 569 quum
1123 524 1303 569 putarem
1332 533 1470 569 parum
1496 524 1585 569 apte
1610 520 1763 570 Stalag-

270 604 374 627 mum
400 591 438 626 in
470 589 540 626 hac
572 590 787 638 gratiarum
820 589 972 626 actione
1005 589 1320 633 commemorari,
1354 588 1574 637 malumque
1606 602 1763 626 versum

270 658 489 695 tollendum
522 670 736 704 censerem,
784 657 852 693 sed
884 669 1034 692 errasse
1066 669 1126 692 me
1158 656 1274 692 credo
1306 669 1375 693 nec
1406 668 1524 692 uncos
1558 658 1762 705 appositos

271 727 423 763 vellem.
458 745 511 749 —
544 726 638 762 922.
672 721 794 762 huin-s*
826 725 939 762 Both.
974 738 1044 761 em.

387 795 580 832 923-24
622 794 816 830 octonarii
855 792 1046 829 trochaici
1085 792 1134 829 ad
1173 794 1418 841 septenarios
1456 794 1667 829 transitum
1709 794 1763 830 fa-

273 865 438 909 cientes,
482 875 721 911 quamquam
751 861 931 907 Mffllen,
979 859 1142 897 Prosod.
1182 873 1219 908 p.
1254 860 1346 906 410,
1388 862 1644 909 anapaesticos
1683 874 1765 898 esse

272 932 441 982 putavit.
525 926 598 967 hoc
644 929 789 967 delevit
829 928 1093 975 Camerarius,
1141 928 1307 965 fortasse
1354 941 1401 965 ex
1446 929 1559 966 initio
1606 943 1641 966 v.
1684 931 1763 968 925

274 1004 405 1038 ortum
437 1003 508 1036 est.
536 1018 590 1021 —
619 999 696 1034 925
723 1011 808 1046 sqq.
842 997 1067 1046 septenarii.
1123 992 1214 1034 Hoc
1246 1006 1430 1045 dymnus,
1463 996 1511 1033 de
1543 997 1765 1034 Philocrate

274 1073 313 1106 et
337 1067 520 1116 Tyndaro
551 1065 829 1111 restituendis,
863 1065 908 1102 cf.
944 1065 1037 1102 962.
1077 1085 1132 1089 —
1162 1065 1406 1102 Philocrates
1431 1065 1646 1113 Hegionem
1672 1066 1767 1102 allo·

275 1138 421 1186 quitur.
485 1136 614 1173 tecum
651 1131 818 1171 seruam
854 1130 980 1182 sidem
1018 1146 1090 1182 pro
1126 1131 1247 1178 ,.tibi“
1289 1133 1433 1180 legitur
1465 1134 1580 1170 etiam
1612 1133 1764 1171 Curcul.

278 1207 368 1243 138.
415 1203 537 1241 Mero.
559 1203 650 1249 522,
683 1203 729 1239 cf.
767 1216 904 1249 „orare
937 1215 1021 1238 cum
1054 1201 1210 1251 aliqud*
1247 1202 1354 1238 Asin.
1376 1203 1468 1249 655,
1504 1202 1767 1249 „mentionem

273 1274 403 1311 facere
442 1285 528 1309 cum
568 1269 725 1320 aliquo⁶⁶
762 1270 893 1308 Aulul.
929 1271 1020 1307 677.
1065 1290 1118 1293 —
1166 1271 1258 1308 928.
1305 1271 1407 1307 Ante
1446 1266 1579 1307 Immo
1618 1270 1769 1317 hiatus;

274 1341 431 1379 Muller.
465 1339 657 1377 excidisse
695 1343 763 1376 aut
807 1336 896 1385 ‚‚tu“
941 1342 1008 1374 aut
1050 1336 1200 1384 „nunc⁴‘
1244 1338 1421 1387 putabat,
1468 1338 1531 1376 ΒΓ.
1565 1339 1765 1376 licentius:

280 1411 448 1458 „Immo,
482 1409 535 1445 mi
565 1412 700 1457 pater,
734 1408 785 1445 Et
817 1411 861 1443 tu
892 1408 1041 1456 poteris
1073 1410 1111 1443 et
1143 1419 1213 1455 ego
1246 1404 1426 1454 potero“.
1459 1426 1514 1430 —-
1547 1407 1640 1443 930.
1674 1402 1770 1443 bene

275 1476 448 1517 merenti
477 1476 633 1524 nostro,
667 1478 702 1513 ei
734 1477 802 1525 qui
834 1476 880 1512 de
912 1475 1025 1512 nobis
1057 1475 1155 1511 bene
1187 1476 1348 1511 meritus
1380 1479 1450 1512 est.
1521 1474 1584 1511 Br.
1619 1474 1772 1511 confert

275 1547 382 1584 Trin.
416 1547 489 1583 46:
529 1547 611 1591 „tui
643 1542 953 1581 beneuolentis“.
995 1563 1048 1567 —
1087 1553 1279 1580 memore&
1311 1543 1421 1580 codd.
1455 1544 1603 1580 Activae
1636 1543 1770 1580 formae

274 1615 425 1653 Nonius
458 1628 495 1663 p.
530 1615 609 1650 477
645 1626 691 1648 ex
721 1612 899 1662 Turpilio
933 1612 1153 1661 exemplum
1188 1611 1318 1657 affert,
1353 1611 1399 1649 cf.
1426 1611 1475 1648 ad
1500 1611 1642 1660 Amph.
1670 1612 1770 1656 8173

275 1684 343 1721 sed
383 1683 455 1719 hoc
498 1685 652 1718 retento
699 1682 922 1730 tautologia
967 1682 1213 1730 ineptissima
1259 1680 1407 1727 oritur,
1454 1693 1524 1716 nec
1570 1680 1772 1729 proximus

274 1765 411 1788 versus
443 1765 466 1787 a
498 1746 613 1787 Sicut
649 1750 841 1798 incipiens
880 1749 1005 1786 simile
1047 1749 1142 1798 quid
1182 1748 1294 1794 dicit,
1342 1748 1411 1785 sed
1455 1761 1617 1797 prorsus
1656 1747 1770 1784 idem.

274 1820 364 1857 Iure
388 1821 511 1867 igitur
528 1818 710 1855 Gertzius
737 1818 901 1867 primam
927 1831 1133 1867 personam
1158 1817 1388 1867 postulavit,
1422 1820 1489 1853 aut
1521 1812 1767 1862 „munere1n“

276 1894 343 1927 aut
387 1890 633 1934 „munerer‘'.
679 1906 734 1911 ——
782 1886 876 1923 933.
924 1882 1188 1935 reliqueram,
1236 1899 1270 1922 v.
1313 1884 1362 1921 ad
1402 1884 1545 1933 Amph.
1580 1884 1672 1921 379.
1718 1903 1774 1908 —

277 1959 370 1995 935.
404 1954 439 1994 ei
469 1959 565 1992 antt.
598 1955 686 1991 edd.
721 1954 971 1991 addiderunt.
1004 1973 1058 1977 —
1082 1951 1284 2001 pretium,
1319 1953 1558 1998 mercedem,
1591 1952 1637 1990 cf.
1670 1951 1771 1988 Rud.

278 2027 371 2062 710.
433 2025 540 2061 Trin.
575 2024 668 2060 273.
705 2043 753 2047 —
797 2024 876 2060 936
920 2035 988 2059 suo
1022 2023 1104 2059 loco
1146 2026 1236 2059 cett.
1271 2021 1404 2067 codd„
1453 2025 1492 2058 et
1531 2021 1571 2057 in
1603 2020 1633 2057 B
1665 2033 1774 2057 error

276 2097 449 2130 notatur.
505 2092 582 2128 Pro
618 2088 738 2140 Quod
767 2090 825 2128 Fl.
849 2090 1048 2137 „Quom⁴';
1083 2104 1159 2127 non
1192 2103 1308 2139 opus,
1341 2089 1537 2139 significat
1572 2087 1774 2135 „beneficii

275 2165 335 2199 tui
368 2157 524 2198 causa“.
556 2179 612 2184 —
648 2157 718 2205 „id
758 2157 867 2207 quod
902 2156 1095 2207 postulas·
1134 2173 1204 2209 per
1244 2159 1533 2208 appositionem
1565 2157 1628 2194 vel
1658 2170 1773 2206 epex-

278 2232 411 2278 egesin
443 2229 641 2279 quandam
674 2229 723 2264 ad
754 2228 960 2277 superiora
991 2234 1081 2264 sunt
1113 2226 1367 2277 explicanda“
1404 2225 1583 2263 Lindem.
1616 2225 1773 2262 Potius:

283 2299 347 2346 „id
374 2298 479 2348 quod
503 2297 693 2346 postulas,
726 2310 799 2345 pro
832 2297 961 2344 gratia
992 2296 1118 2333 relata
1149 2296 1222 2332 tibi
1254 2293 1436 2331 dabitur“
1468 2294 1530 2331 vel
1557 2294 1775 2341 „referetur

280 2382 325 2405 ea
356 2367 497 2416 gratia,
541 2378 656 2414 quam
687 2363 906 2414 postulas“.
977 2364 1133 2401 Brixius
1172 2364 1372 2400 licentius:
1425 2362 1561 2409 „Quod
1593 2362 1691 2399 bene
1721 2361 1775 2398 fe·

280 2438 379 2482 cisti,
413 2435 608 2472 referetur
645 2434 791 2482 gratia:
825 2437 864 2469 et
899 2433 1005 2482 quod
1037 2433 1216 2482 postulas
1239 2431 1291 2468 Et
1316 2431 1348 2468 si
1371 2436 1413 2467 tu
1449 2430 1556 2467 aliud
1588 2429 1684 2479 quid
1715 2443 1774 2466 nie

279 2505 422 2551 orabis,
455 2499 729 2552 impet1·abis“.
761 2520 817 2526 —
857 2502 950 2537 937.
989 2498 1219 2549 impetrabis
1257 2504 1348 2537 cett.
1382 2499 1494 2536 codd.
1528 2504 1567 2535 et
1598 2498 1640 2535 B.
1673 2511 1774 2535 man.

280 2587 355 2611 sec.
390 2592 443 2596 —
477 2573 570 2609 941.
601 2570 772 2618 propter
802 2579 932 2606 meum
967 2569 1096 2617 Caput,
1130 2571 1154 2606 i.
1189 2582 1221 2606 e.
1254 2573 1417 2618 propter
1447 2580 1519 2613 me,
1553 2567 1599 2604 cf.
1633 2566 1774 2603 Pseud.

281 2642 382 2678 728:
436 2642 491 2686 „si
533 2639 691 2689 quidem
731 2639 805 2676 hoc
843 2639 953 2674 uiuet
995 2637 1150 2686 caput&
1191 2638 1239 2674 al.
1280 2657 1336 2662 —-
1384 2637 1477 2673 942.
1525 2630 1664 2672 libella
1700 2646 1774 2683 pro

280 2711 440 2746 minimo
474 2721 632 2745 nummo
663 2706 970 2757 proverbialiter
1003 2705 1159 2751 dicitur,
1194 2705 1240 2743 cf.
1274 2705 1402 2742 Casin.
1422 2705 1514 2741 293.
1548 2702 1689 2740 Pseud.
1710 2703 1775 2740 98.

283 2779 376 2816 633.
415 2778 534 2814 1144.
582 2776 659 2813 Cic.
693 2775 805 2814 Verr.
838 2774 887 2822 II,
924 2774 984 2820 10,
1020 2772 1095 2810 26:
1139 2773 1307 2821 „Ecquis
1340 2772 1517 2809 Volcatio
1549 2802 1557 2809 .
1584 2802 1591 2809 .
1620 2802 1627 2808 .
1659 2784 1778 2808 unam
