1854 3188
247 199 300 238 34
920 189 1042 223 Plauti
1466 187 1530 231 111,
1546 188 1578 230 5,
1595 188 1740 221 27—53-

245 320 450 371 Ancillas,
481 318 630 369 mulos,
661 316 882 366 muliones,
914 315 1184 368 pedisequos,

247 390 560 445 Salutigerulos
590 401 762 443 pueros,
793 387 975 436 uehicla
1009 386 1083 438 qui
1113 385 1259 426 uehar.

894 457 1081 499 Euclio

247 537 306 579 Ut
335 540 631 578 matronarum
661 533 732 573 hic
763 531 881 572 facta
911 530 1114 583 pernouit
1144 527 1298 581 probe!
1667 537 1734 571 495

246 608 441 651 Moribus
471 605 739 659 praefectum
768 602 996 644 mulierum
1027 601 1141 641 hunc
1171 600 1335 640 factum
1366 599 1510 640 uelim.

830 673 1150 726 Megadorus

246 753 371 794 Nunc
402 762 573 803 quoquo
604 747 766 798 uenias,
798 745 893 799 plus
926 745 1218 798 plaustrorum
1249 744 1291 784 in
1324 742 1503 784 aedibus

245 823 420 873 Uideas,
454 835 582 874 quam
612 819 715 870 ruri,
747 817 919 872 quando
953 816 1007 857 ad
1039 816 1187 856 uillam
1220 815 1403 855 ueneris.

248 895 332 938 Sed
361 894 443 935 hoc
468 893 598 934 etiam
621 890 871 944 pulcrumst,
904 902 1006 942 prae
1032 901 1161 940 quam
1186 886 1260 927 ubi
1283 889 1482 939 sumptus
1511 889 1676 939 petunt.

249 967 344 1009 Stat
373 965 491 1015 fullo,
522 963 715 1018 phrygio,
747 960 925 1009 aurifex,
958 960 1153 1009 liuarius,
1668 969 1744 1002 5002

246 1039 271 1092 †
304 1037 541 1091 Caupones,
574 1025 818 1088 patagiarii,
849 1031 1089 1081 incfflsiarii,

248 1108 511 1158 Flammarii,
543 1106 728 1156 uiolarii,
762 1104 975 1146 carinarii.

247 1182 335 1224 Aut
365 1181 390 1233 †
421 1179 676 1221 manulearii
707 1180 783 1218 aut
813 1174 1148 1225 murobathariig

246 1253 456 1307 Propolae
487 1251 711 1299 linteones,
746 1247 1004 1289 calceolarii.

248 1324 491 1368 Sedentarii
523 1326 702 1371 sutores,
736 1319 1033 1369 diabathrarii,
1669 1329 1738 1363 505

248 1397 429 1440 Solearii
460 1395 645 1444 adstant,
678 1393 851 1434 adstant
883 1391 1200 1441 molocliinarii3

246 1470 407 1511 Petunt
436 1467 633 1516 fullones,
666 1465 951 1506 sarcinatores
984 1466 1159 1516 petunt;

249 1540 507 1595 strophiarii
539 1537 726 1587 adstant,
758 1535 934 1576 adstant
969 1534 1249 1575 semizonarii.

249 1614 340 1655 Iam
370 1612 499 1653 hosce
533 1609 751 1650 absolutos
785 1621 973 1654 censeas,
1007 1605 1176 1655 cedunt,
1209 1609 1365 1658 petunt

248 1684 427 1727 Treceni
458 1682 483 1734 †
515 1695 632 1731 cum3
666 1684 783 1722 stant
814 1678 1079 1732 phylacistae
1111 1678 1155 1717 in
1186 1677 1309 1718 atriis
1672 1688 1744 1721 510

250 1758 461 1798 Textores
492 1752 740 1802 limbularii,
775 1750 991 1794 arcula-rii,
1027 1748 1262 1802 [ducuntur
1296 1748 1424 1790 datur

249 1829 346 1870 Aes.
407 1827 499 1868 Iam
529 1825 659 1866 hosce
692 1823 912 1865 absolutos
945 1820 1139 1873 censeas]

252 1901 390 1951 Quom
420 1897 626 1939 incedunt
656 1895 889 1937 infectores
923 1893 1164 1943 crocotarii,

251 1972 338 2013 Aut
369 1970 517 2023 aliqua
547 1968 663 2009 mala
696 1981 801 2008 crux
831 1979 998 2018 semper
1031 1968 1106 2015 est,
1139 1977 1247 2016 quae
1280 1964 1444 2016 aliquid
1475 1967 1609 2019 petat.

899 2036 1089 2077 Euclio

253 2113 499 2167 Conpellem
531 2125 606 2164 ego
638 2110 769 2161 illum,
800 2110 844 2150 ni
875 2112 1077 2158 metuam,
1107 2121 1161 2148 ne
1194 2106 1368 2148 desinat
1674 2117 1740 2152 515

251 2186 492 2228 Memorare
524 2196 663 2224 mores
694 2181 941 2231 mulierum,
973 2192 1085 2220 nunc
1117 2179 1177 2220 sic
1211 2179 1359 2220 sinam.

836 2251 1154 2304 Megadorus

254 2328 338 2370 Ubi
367 2325 622 2379 nugiuenclis
654 2339 725 2366 res
760 2324 949 2365 solutast
981 2322 1191 2374 omnibus,

253 2400 321 2442 Ibi
352 2400 407 2440 ad
438 2402 701 2452 postremum
733 2396 847 2436 cedit
877 2395 1012 2445 miles,
1047 2408 1120 2436 aes
1151 2394 1274 2448 petit.

255 2472 360 2523 Itur,
390 2474 570 2525 putatur
599 2468 712 2510 ratio
745 2481 840 2508 cum
872 2466 1139 2520 argentari03

347 2598 413 2631 494
438 2595 554 2629 Saluti
579 2595 744 2639 geri-ulos
814 2593 983 2628 uehicula
1075 2594 1141 2627 499
1166 2605 1189 2627 α
1213 2593 1305 2628 Prae
1330 2603 1443 2628 novus
1466 2602 1589 2627 versus
1612 2593 1743 2635 incipit

257 2656 322 2688 500
346 2653 503 2698 phyrgio
607 2653 670 2686 505
696 2654 836 2686 sutares
862 2650 1083 2684 diobatharii
1178 2651 1242 2684 506
1269 2650 1415 2684 Soliarii
1509 2649 1741 2682 molocinarii

257 2712 323 2744 508
405 2709 632 2753 Strophyarii
703 2708 933 2742 semisonarii
1026 2708 1087 2740 511
1114 2706 1290 2741 linbuarii
1383 2707 1448 2740 515
1474 2705 1742 2749 Compellarem

257 2768 324 2801 517
347 2766 576 2811 nugigerulis
