1854 3188
253 247 305 285 54
932 244 1054 279 manti
1564 247 1607 292 V,
1621 248 1732 283 6—13

855 368 1127 412 Strobilus

250 439 373 494 Ipsus
405 444 482 481 est.

850 513 1142 567 Lyconides

534 583 670 626 Haud
701 584 814 626 alius
847 588 922 626 est.

855 655 1126 698 Strobilus

948 726 1223 781 Congrediar.

845 799 1140 854 Lyconides

1261 871 1503 914 Contollam
1535 874 1725 927 gradum.

255 939 392 983 Credo
425 957 501 996 ego
533 942 670 994 illum7
702 946 749 984 ut
778 943 901 994 iussi,
933 957 1106 998 eampse
1139 957 1267 985 anum
1298 944 1462 997 adisse,
1495 945 1620 987 huius
1650 961 1728 988 nu-

1191 1017 1342 1058 tricem
1373 1017 1564 1069 uirginis.

856 1086 1128 1129 Strobilus

249 1157 360 1207 Quin
393 1172 469 1212 ego
500 1159 563 1200 illi
594 1173 659 1200 me
691 1159 907 1200 inuenisse
940 1159 1035 1200 dico
1067 1159 1175 1201 hanc
1207 1161 1411 1214 praedam
1444 1162 1544 1203 ...1³

244 1229 381 1283 Igitur
414 1230 561 1282 orabo,
594 1236 643 1272 ut
674 1244 803 1272 manu
833 1245 898 1271 me
932 1232 1114 1273 emittat.
1175 1232 1252 1273 ibo
1284 1237 1417 1287 atque
1449 1233 1638 1287 eloquar.

241 1300 429 1354 Repperi
458 1326 515 1331 —

838 1375 1142 1429 Lyconides

571 1446 683 1497 Quid
713 1447 971 1500 repperisti?

848 1518 1122 1560 Strobilus

936 1590 1045 1641 Non,
1079 1591 1192 1644 quod
1223 1592 1346 1645 pueri
1379 1593 1601 1634 clamitant
1655 1605 1721 1638 810

240 1661 290 1702 In
321 1660 422 1703 faba
453 1676 497 1703 se
528 1662 784 1716 repperisse.

836 1734 1130 1788 Lyconides

811 1806 958 1848 Iamne
992 1810 1148 1858 autem,
1181 1812 1229 1849 ut-
1260 1807 1382 1850 soles.
1417 1809 1613 1851 deludis‘?

845 1878 1119 1920 Strobilus

246 1948 343 1999 Ere,
374 1962 519 2000 mane3
552 1949 747 2002 eloquar3
778 1950 864 1991 iam
895 1951 1105 1991 ausculta.

832 2021 1129 2076 Lyconides

1011 2094 1099 2147 Age
1132 2108 1232 2148 ergo
1263 2095 1452 2148 loquere.

847 2166 1123 2208 Strobilus

1362 2240 1548 2294 Repperi
1578 2239 1719 2291 hodie,

241 2308 338 2359 Ere,
371 2307 546 2349 diuitias
576 2308 742 2350 nimias.

830 2380 1124 2435 Lyconides

581 2451 799 2493 Ubinam‘.>

843 2524 1119 2567 Strobilus

589 2595 918 2645 Quadrilibrem.
959 2598 1144 2650 inquam,
1177 2598 1320 2639 aulam
1352 2600 1445 2640 auri
1476 2600 1648 2653 plenam
1668 2622 1717 2627 —

325 2765 391 2798 806
417 2765 515 2798 aliud
613 2766 681 2798 807
706 2776 784 2799 eam
811 2765 887 2809 ipse
981 2768 1046 2800 808
1071 2766 1243 2810 praedam
1270 2771 1378 2811 atque
1406 2767 1557 2811 eloquor
1650 2768 1717 2802 809

234 2831 313 2855 mee
336 2821 462 2855 mittat
556 2821 699 2865 Ilioque
726 2825 834 2866 atque
928 2824 995 2856 810
1019 2823 1179 2867 Repperi
1204 2824 1303 2867 quod
