1897 3171
270 186 349 225 568
925 181 1104 217 Curculio.

269 307 461 351 Pistores
504 312 657 351 Plinius
713 313 760 350 H.
799 313 847 350 N.
885 311 1036 358 XVIII,
1087 313 1158 359 11,
1207 314 1278 359 28,
1331 314 1406 350 107
1461 312 1584 350 tradit
1630 312 1764 350 Romae

269 394 347 418 non
377 381 497 418 fuisse
531 382 581 418 ad
612 382 812 419 Persicum
845 394 968 430 usque
1000 380 1157 418 bellum.
1228 380 1313 418 Hoc
1345 394 1502 430 quoque
1534 383 1767 429 argumento

268 453 455 496 utuntur,
499 451 565 499 qui
603 450 704 486 hanc
747 462 900 486 scenam
930 449 1070 486 Plauto
1108 451 1368 497 posteriorem
1415 462 1499 486 esse
1545 449 1765 495 affirmant,

269 517 337 554 sed
368 531 439 554 nec
468 518 527 554 illi
558 518 785 555 testimonio
817 520 971 554 tantum
1009 517 1134 554 tribui
1164 521 1315 566 potest,
1357 522 1395 554 et
1425 517 1489 554 hic
1518 530 1656 554 versus
1687 517 1765 554 alia

270 585 391 622 habet
421 585 483 622 vel
515 585 634 623 dubia
664 586 727 622 vel
759 588 894 635 aperte
925 586 1082 623 vitiosa.
1143 585 1242 622 Nam
1275 598 1393 634 quum
1424 587 1466 623 in
1497 586 1636 623 ceteris
1666 586 1766 622 vitia

270 657 337 690 aut
369 654 539 690 virtutes
571 654 771 691 hominum
805 655 1074 699 nominantur,
1108 653 1170 691 hic
1202 658 1374 703 quaestus
1406 655 1658 691 nominantur
1691 651 1767 704 (pi-

270 723 408 768 storis,
441 721 555 768 lanii,
590 720 826 771 haruspicis)
869 735 940 771 per
972 735 1013 758 se
1045 723 1202 758 minime
1234 722 1499 772 vituperandi.
1568 721 1766 759 Praeterea

273 791 482 826 accusativi
514 803 591 827 non
623 790 790 835 habent,
823 789 926 827 unde
957 789 1174 839 pendeant,
1223 804 1311 827 nam
1342 794 1387 827 ut
1417 791 1465 827 ad
1501 788 1761 837 „inueniatis“

270 872 305 895 v.
340 859 420 896 466
452 858 694 905 referantur,
736 857 823 895 fieri
854 872 930 896 non
962 862 1104 907 potest.
1167 858 1311 896 Versus
1342 860 1466 906 igitur
1497 863 1564 896 aut
1596 859 1765 907 pessime

270 925 384 963 fictus
417 930 476 964 est
507 931 575 964 aut
604 927 766 964 verbum
798 927 953 964 excidit.
990 947 1037 951 —
1083 928 1174 964 383.
1216 926 1398 965 Codicum
1439 928 1670 976 scripturam
1712 928 1768 964 sic

272 995 442 1044 explicat
473 995 593 1033 Gron.
630 995 717 1039 „vel
749 996 816 1043 qui
847 997 924 1045 ipsi
955 1000 1112 1032 vertant
1143 1009 1186 1032 ac
1219 1000 1372 1033 mutent
1404 1009 1552 1033 merces
1575 996 1639 1032 vel
1664 993 1767 1045 (qui)

271 1063 473 1113 praebeant
510 1063 762 1101 institoribus
799 1077 964 1109 merces,
1009 1063 1151 1113 quibus
1189 1068 1419 1101 excerceant
1457 1065 1768 1113 negotiationem

273 1131 344 1168 sub
379 1132 479 1177 aliis,
514 1145 609 1182 quas
642 1135 793 1169 mutent
826 1131 1070 1169 dominorum
1103 1133 1226 1169 vice''.
1275 1131 1385 1178 Quod
1418 1133 1600 1181 quoniam
1626 1131 1768 1169 Latine

273 1203 327 1237 sic
359 1199 435 1237 dici
467 1214 546 1237 non
578 1206 724 1250 posset,
758 1213 846 1236 nam
880 1197 951 1248 qui
980 1204 1151 1250 utroque
1183 1200 1269 1238 loco
1301 1200 1403 1237 idem
1437 1202 1488 1237 sit
1510 1213 1666 1238 necesse
1696 1204 1766 1246 est,

272 1281 349 1305 non
389 1268 513 1305 altero
553 1269 638 1306 1000
671 1269 957 1314 nominativus,
1008 1268 1134 1306 altero
1170 1268 1384 1314 ablativus,
1425 1268 1540 1305 Both.
1575 1268 1633 1305 ed.
1679 1268 1768 1314 „uel

273 1350 371 1385 quae
404 1337 491 1374 aliis
531 1335 855 1382 subuorsentur“,
900 1336 1006 1385 quod
1048 1337 1238 1386 explicat:
1285 1350 1395 1386 „quae
1435 1336 1482 1373 ab
1522 1337 1609 1373 aliis
1641 1336 1768 1383 subV.,

273 1417 358 1454 quae
401 1405 469 1442 alii
514 1410 698 1455 tanquam
748 1405 818 1443 sub
864 1406 959 1455 ipsis
1005 1409 1165 1442 vertant
1210 1418 1252 1442 ac
1297 1402 1490 1451 mutent“‚
1539 1404 1644 1453 quod
1688 1418 1768 1442 non

271 1473 410 1510 melius
458 1478 526 1511 est.
610 1474 767 1524 Lipsius
816 1473 913 1510 vidit
961 1486 1121 1510 necesse
1168 1486 1251 1510 esse
1295 1474 1334 1509 in
1379 1477 1549 1522 utroque
1595 1472 1770 1510 membro

271 1540 375 1578 idem
414 1541 579 1579 verbum
617 1547 835 1592 poneretur
873 1543 999 1579 activa
1039 1546 1076 1578 et
1116 1543 1273 1592 passiva
1314 1543 1475 1578 notione
1524 1540 1653 1585 (uorto
1687 1571 1694 1578 .
1725 1571 1733 1578 .
1762 1570 1769 1578 .

270 1614 407 1646 uortor
447 1615 535 1657 (aut
573 1609 754 1657 uorsor),
802 1624 881 1648 non
921 1615 1035 1648 uorto
1072 1641 1079 1647 .
1107 1640 1113 1647 .
1142 1640 1149 1647 .
1183 1608 1436 1657 subnorsor);
1482 1610 1615 1658 itaque
1659 1609 1771 1656 „aliis

271 1684 314 1715 ut
352 1684 586 1715 uorsentur''
632 1680 808 1728 scripsit,
857 1679 923 1715 sed
966 1677 1075 1715 codd.
1118 1679 1171 1715 ita
1215 1679 1324 1727 sequi
1372 1682 1547 1727 oportet,
1594 1681 1638 1714 ut
1678 1678 1771 1714 scri-

271 1746 387 1784 batur
417 1744 517 1786 aliis
551 1744 617 1785 ubi
650 1747 881 1785 uorsentm:
958 1746 1059 1792 Quid
1101 1751 1229 1783 autem
1262 1752 1381 1797 poeta
1411 1750 1566 1783 uertere
1597 1750 1636 1782 et
1666 1746 1771 1782 uerti

273 1815 427 1861 dixerit,
471 1817 654 1865 ignorare
686 1829 745 1852 me
776 1816 916 1853 fateor.
979 1815 1036 1852 De
1069 1819 1289 1852 mercatura
1322 1815 1487 1864 cogitari
1518 1828 1597 1851 non
1630 1814 1768 1860 debet3

270 1886 403 1932 potius
436 1883 482 1920 de
515 1884 602 1921 alea
634 1889 701 1921 aut
735 1884 811 1920 alia
843 1883 1012 1933 quadam
1045 1885 1270 1934 perniciosa
1299 1897 1353 1920 re.
1422 1882 1561 1932 Itaque
1592 1895 1654 1919 VV.
1687 1882 1767 1919 482

270 1953 378 1989 —83
412 1954 602 2001 genuinos
635 1966 719 1989 esse
752 1966 828 1989 non
855 1952 991 1998 credo,
1024 1966 1059 1989 v.
1086 1953 1161 1989 484
1193 1953 1287 2001 quin
1312 1952 1470 2001 spurius
1497 1952 1559 1996 sit,
1594 1950 1769 1987 dubitari

274 2022 424 2069 nequit,
457 2034 530 2057 nec
561 2020 795 2058 dubitarunt
829 2021 1022 2058 editorum
1055 2020 1236 2070 plerique
1268 2019 1359 2056 iude
1391 2033 1412 2056 a
1445 2019 1647 2056 Lambino.
1709 2018 1769 2055 Ex

270 2101 305 2125 V.
340 2089 418 2125 471
455 2087 642 2126 confictus
675 2094 747 2126 est.
818 2088 1086 2137 Interpolator
1126 2102 1268 2126 nornen
1311 2088 1526 2124 meretricis
1567 2100 1637 2124 suo
1667 2091 1769 2123 tem·-

270 2169 366 2205 pore
398 2161 500 2193 notae
531 2159 705 2203 intrusit,
739 2171 859 2206 quum
892 2157 1055 2194 Plautus
1088 2157 1264 2194 locorum
1289 2157 1451 2193 nomina
1474 2159 1610 2205 ponat.
1658 2155 1770 2193 Unus

272 2224 493 2263 Ulrichsius
519 2224 620 2262 1111110
646 2239 800 2262 versum
827 2225 884 2262 1111
909 2225 1228 2262 substituendum
1255 2238 1337 2261 esse
1364 2225 1535 2270 censuit,
1570 2223 1767 2260 Beckerus

269 2294 361 2330 Aut.
388 2293 501 2330 Rom.
527 2292 556 2338 I,
590 2307 627 2343 p.
658 2295 734 2331 309
770 2299 979 2341 utrumque
1011 2294 1187 2340 retinuit,
1222 2293 1289 2330 sed
1321 2298 1364 2329 ut
1394 2306 1467 2342 pro
1504 2291 1767 2340 „Leucadiam

272 2360 463 2411 Oppiam“
502 2361 690 2398 scriberet
728 2361 1010 2408 „Concordiam
1045 2359 1280 2410 Opimiani“.

384 2565 478 2602 486,
518 2565 710 2603 Absoluto
742 2569 902 2614 negotio
929 2565 1111 2603 Curculio
1137 2580 1223 2603 cum
1248 2567 1402 2613 virgine
1428 2567 1508 2602 exit
1540 2579 1583 2602 ex
1615 2565 1765 2602 lenonis

271 2632 419 2671 aedibus
450 2647 527 2671 una
559 2648 645 2671 cum
677 2634 816 2671 lenone
850 2638 889 2671 et
920 2635 1126 2683 trapezita.
1176 2633 1299 2671 Scena
1326 2634 1558 2683 septenariis
1589 2633 1767 2670 iambicis

270 2704 417 2752 scripta
445 2702 585 2739 horum
616 2703 736 2739 trium
769 2702 1008 2752 colloquium
1042 2706 1112 2747 est,
1154 2715 1275 2751 quare
1307 2702 1389 2739 haec
1420 2702 1501 2739 sola
1533 2702 1693 2738 nomina
1724 2703 1764 2738 in

267 2770 387 2807 titulo
420 2771 585 2807 servavi.
646 2770 690 2807 In
721 2770 752 2807 B
785 2770 946 2808 additur
976 2774 1187 2819 praeterea:
1225 2769 1452 2817 „Lorarius
1499 2768 1691 2815 Mulier··';
1724 2769 1764 2806 in
