1897 3171
786 186 826 219 V.
854 187 1042 220 227—249.
1359 227 1361 229 ,
1579 187 1660 226 297

164 317 308 356 audire
337 318 442 355 visus
474 317 537 354 sit.
599 312 709 365 quod
736 318 841 353 recte
871 314 915 352 B.
943 315 1059 364 prim.
1087 328 1202 362 man„
1235 318 1328 352 cett.
1357 314 1467 352 codd.
1502 318 1539 351 et
1572 313 1661 351 edd.

176 383 338 435 „quid‘².
400 384 493 421 Post
528 384 628 421 hunc
659 397 813 421 versum
853 383 1014 429 Ritsch.,
1048 383 1153 419 Prol.
1186 382 1294 420 Trin.
1328 396 1365 432 p.
1399 382 1543 420 CXXX
1575 395 1661 419 eum

172 453 355 501 addebat,
388 454 456 502 qui
480 453 522 489 in
546 451 658 490 codd.
677 454 736 488 est
761 453 859 489 385:
898 451 1119 497 „Nimirum
1150 450 1318 497 occidor,
1351 451 1425 487 nisi
1457 462 1529 497 ego
1560 451 1663 486 intro

170 522 246 559 huc
282 533 451 571 propere
489 533 663 570 propero
701 517 899 556 currere“.
968 518 1062 565 Quae
1101 518 1134 555 si
1171 531 1213 555 re
1250 531 1344 555 vera
1381 517 1482 554 dixit
1512 517 1662 564 Euclio,

170 593 251 627 tam
297 590 503 626 summissa
547 602 642 626 voce
683 588 829 625 dixerit
867 600 1021 624 necesse
1069 591 1146 633 est,
1193 590 1238 623 ut
1278 584 1514 635 Megadorus
1567 585 1664 622 nihil

171 658 351 695 audierit.
391 677 447 682 —
486 658 580 694 236.
626 655 840 705 Megadoro
881 656 1021 693 relicto
1069 654 1227 692 domum
1274 653 1411 691 Euclio
1450 667 1489 690 se
1530 654 1664 703 praeci-

170 727 287 775 pitat.
363 721 580 773 confodere
609 721 739 771 iussi,
786 725 929 760 omisso
960 723 1135 768 obiecto,
1171 722 1218 759 cf.
1253 722 1354 759 345:
1407 722 1545 767 „iussit
1577 722 1664 758 mit—

170 791 294 831 tere⁴‘.
361 793 493 830 Madv.
534 792 601 830 Gr.
640 791 730 829 Lat.
766 793 857 838 390,
890 794 969 828 not.
1006 792 1041 828 3.
1081 811 1138 815 —
1175 787 1240 827 hic
1270 790 1363 827 olim
1403 789 1664 826 emendatum.

171 861 364 899 Gruterus
409 861 513 910 apud
558 860 772 898 Taubman.
824 859 936 906 „hinc
982 856 1060 896 eit“
1110 859 1329 908 suspicatus
1376 861 1455 903 est,
1504 858 1527 893 i.
1563 870 1595 894 e.
1636 858 1667 894 it

170 930 234 967 vel
264 931 330 976 iit,
374 930 478 979 quod
509 930 659 978 recepit
689 928 848 977 Wagn.;
897 927 966 964 sed
997 931 1080 964 tum
1113 927 1231 964 etiam
1275 923 1401 975 „quo“
1436 926 1665 974 requiritur.

176 1017 224 1024 —
270 999 362 1036 237.
408 1007 539 1047 ‘neque
575 1007 638 1035 ‘me
677 993 888 1034 certiorem
927 993 1044 1045 feeit,
1090 999 1224 1032 utrum
1262 994 1384 1031 filiam
1423 1007 1532 1031 suam
1572 993 1668 1030 mihi

172 1066 419 1116 despondere
449 1066 545 1103 velit
575 1079 624 1102 an
655 1078 752 1111 n0n3
786 1065 833 1102 cf.
868 1063 1008 1101 Pseud.
1043 1063 1135 1101 629.
1167 1082 1224 1087 —-
1256 1057 1443 1100 Fastidit
1478 1059 1576 1108 mei,
1609 1074 1668 1098 me

171 1136 335 1185 spernit.
397 1134 641 1171 Posteriores
682 1133 772 1170 huic
810 1132 931 1170 verbo
973 1131 1237 1168 accusativum
1278 1130 1519 1178 adiungunt,
1568 1132 1668 1167 anti-

172 1203 332 1252 quiores
363 1203 603 1251 genetivum,
645 1201 724 1238 vid.
756 1201 855 1238 Non.
888 1213 925 1249 p.
959 1199 1059 1246 496,
1108 1200 1174 1249 qui
1204 1202 1351 1249 praeter
1389 1199 1492 1235 hunc
1540 1198 1669 1235 locum

172 1271 269 1308 alios
300 1270 458 1317 Titinii,
505 1270 687 1319 Turpilii‚
727 1269 871 1306 Lucilii
912 1269 1018 1306 locos
1052 1267 1179 1304 affert.
1254 1266 1386 1303 Etiam
1425 1266 1544 1303 Stich.
1590 1267 1667 1303 335

172 1338 420 1376 scribendum
452 1341 529 1376 est:
568 1338 699 1385 „Mein
730 1334 938 1375 fastidis‘?“
963 1355 1012 1360 —
1043 1336 1135 1373 240.
1172 1332 1404 1385 eonyrediri
1429 1348 1500 1372 em.
1527 1333 1669 1371 Acida-

171 1406 260 1444 lius.
301 1426 357 1431 —
396 1408 489 1444 241.
537 1404 696 1445 occasio
742 1402 877 1451 illaec,
924 1407 1122 1454 transpos.
1164 1403 1328 1450 Harius,
1374 1416 1422 1440 ne
1466 1400 1664 1449 „occasi0“

173 1475 425 1524 trisyllabum
456 1475 520 1513 sit.
558 1471 702 1523 periit,
735 1473 940 1511 Gruterus.
972 1492 1028 1496 —
1061 1472 1154 1509 242.
1187 1471 1327 1509 Euclio
1359 1472 1502 1508 iterum
1537 1471 1670 1508 exiens

173 1542 372 1593 Staphylae
413 1545 453 1580 in
492 1543 642 1580 aedibus
680 1543 852 1579 servanti
892 1542 1063 1578 minatur
1098 1554 1137 1577 se
1169 1540 1344 1587 linguam
1385 1539 1433 1576 ab
1473 1538 1671 1576 radicibus

175 1611 411 1649 evulsurum.
474 1608 771 1660 elmyuandam
810 1607 975 1655 dedero,
1016 1622 1066 1646 sc.
1100 1607 1369 1654 carnificibus,
1410 1607 1455 1644 cf.
1489 1608 1670 1657 proximo

173 1692 292 1717 versu
317 1676 433 1718 loces.
454 1699 502 1704 —
525 1680 618 1716 243.
650 1679 797 1716 Versus
829 1691 968 1727 parum
999 1678 1113 1726 plene
1143 1675 1334 1722 traditus3
1367 1676 1406 1712 in
1437 1675 1468 1712 B
1499 1676 1672 1724 primum

174 1749 364 1797 scriptum
403 1751 461 1784 est
499 1747 544 1785 ut
579 1758 642 1785 me
682 1745 747 1785 cmT
787 1743 1071 1790 castrandum,
1119 1744 1261 1781 deinde
1307 1744 1580 1793 suprascripta
1629 1743 1672 1780 ΐα

170 1819 215 1852 vet
242 1813 322 1862 uis,
357 1828 522 1865 quorum
553 1816 627 1853 hoc
658 1815 815 1865 quidem
842 1818 881 1852 et
912 1827 1049 1851 uerum
1074 1826 1159 1850 esse
1191 1815 1356 1862 apparet
1388 1815 1427 1848 et
1457 1814 1497 1848 in
1530 1811 1671 1847 ceteris

175 1883 287 1921 codd.
321 1887 451 1930 extat,
502 1881 594 1931 „tu“
638 1884 799 1921 dubium
837 1886 915 1930 est,
959 1896 1036 1932 quo
1069 1885 1223 1919 retento
1255 1880 1441 1918 Guietus:
1494 1880 1670 1928 „impero

174 1955 390 2001 auctorque
430 1963 502 1999 ego
539 1950 671 1998 sum“;
720 1952 816 1989 mihi
852 1949 974 1998 „tibi“
1018 1950 1197 1988 sufficere
1242 1948 1463 1986 videbatur.
1526 1948 1670 1985 (metor

175 2031 286 2067 sum,
321 2021 366 2059 cf.
393 2021 511 2059 Poen.
548 2022 639 2059 146.
671 2040 727 2045 —-
759 2021 852 2058 244.
888 2020 925 2058 te
956 2023 1065 2056 extat
1094 2020 1136 2055 in
1167 2018 1306 2055 ceteris
1339 2016 1449 2054 codd.
1511 2016 1670 2052 Muller.

181 2089 331 2136 „Uideo
351 2103 420 2139 ego
438 2089 589 2127 hercle:
623 2103 683 2126 me
700 2086 948 2134 arbitraris“,
975 2087 1045 2125 sed
1069 2087 1200 2124 hiatus
1223 2087 1264 2123 in
1289 2085 1444 2123 diaeresi
1470 2085 1671 2132 legitimus

175 2160 248 2195 est.
275 2177 331 2182 —
361 2159 454 2196 245.
487 2157 647 2196 senecta
671 2157 802 2196 aetate
826 2171 861 2194 v,
888 2156 1028 2206 Amph.
1059 2157 1180 2193 1025.
1228 2151 1348 2192 ludos
1371 2149 1503 2201 socias
1527 2152 1670 2202 Amph.

180 2226 272 2263 567.
303 2246 360 2250 —
391 2227 484 2263 246.
525 2235 656 2274 meque
694 2222 807 2273 eopia
848 2224 927 2270 est,
975 2237 1102 2273 neque
1132 2224 1297 2273 possim,
1346 2223 1393 2260 cf.
1426 2221 1543 2271 Epid.
1581 2221 1671 2257 163.

171 2293 265 2331 Ter.
297 2293 398 2331 Eun.
436 2295 533 2332 638:
571 2295 630 2341 „si
661 2307 739 2331 non
769 2293 960 2341 tangendi
992 2293 1153 2341 copiast,
1187 2291 1285 2339 Eho,
1316 2304 1365 2328 ne
1396 2289 1558 2327 uidendi
1590 2289 1673 2337 qui-

178 2362 266 2399 dem
299 2359 426 2399 611139(ὲ
466 2382 514 2388 -
552 2363 644 2400 247.
679 2359 809 2408 etiam,
842 2361 921 2398 vid.
956 2360 1017 2398 ad.
1050 2361 1160 2398 Asin.
1195 2362 1274 2398 670
1301 2363 1341 2397 et
1366 2360 1458 2396 707.
1492 2376 1546 2382 -
1579 2357 1671 2394 248.

176 2426 375 2479 Sponden
405 2434 497 2478 etc„
539 2432 655 2468 solita
686 2430 909 2480 sponsionis
941 2429 1129 2474 formula,
1171 2428 1217 2466 cf.
1251 2427 1362 2465 Cure.
1398 2428 1490 2464 672.
1552 2425 1672 2461 Poen.

182 2499 302 2536 1165.
348 2499 456 2536 Trin.
492 2501 585 2537 502.
631 2499 742 2548 Capt.
778 2500 872 2536 892.
899 2517 953 2522 —-
979 2499 1072 2535 249.
1106 2498 1250 2534 Versus
1281 2497 1385 2532 iusto
1416 2495 1572 2543 longior
1604 2495 1672 2530 est.

181 2565 400 2603 Francken.
433 2563 560 2615 facito
594 2566 684 2617 (pro
716 2579 792 2615 quo
824 2566 855 2603 B
886 2580 946 2616 pr.
976 2580 1078 2604 man.
1109 2562 1277 2611 ,‚scito“)
1311 2562 1487 2608 delebat,
1529 2562 1673 2598 rectius

180 2634 352 2672 Weisius
400 2638 438 2672 et
476 2635 662 2685 Langen,
703 2635 804 2673 Mus.
838 2634 962 2672 Rhen.
994 2634 1089 2680 XII,
1138 2634 1215 2670 431
1259 2627 1374 2668 Istue
1413 2630 1672 2675 sustulerunt,

175 2702 285 2752 quod
307 2704 466 2740 minime
491 2707 627 2752 aptum
660 2706 730 2750 est,
765 2714 1002 2752 quamquam
1033 2703 1164 2750 aliquo
1192 2700 1308 2737 modo
1334 2698 1503 2746 intelligi
1530 2701 1672 2747 potest,

176 2771 214 2807 si
259 2784 346 2808 cum
392 2771 503 2809 codd.
545 2772 627 2808 haec
664 2771 783 2808 verba
820 2770 1004 2808 Euclioni
1049 2770 1280 2815 tribuimus,
1326 2780 1403 2804 non
1443 2771 1591 2815 potest,
1643 2766 1676 2802 si
