1854 3188
211 193 288 232 126
840 166 843 167 ⁷
892 190 1013 224 Plauti
1428 188 1493 233 iv,
1506 191 1538 232 9,
1552 191 1641 224 77—
1655 190 1700 225 97

808 313 1102 370 Chrysalus

206 387 301 429 Non
334 387 452 441 prius
485 386 671 429 salutem
704 387 909 442 scripsit‘.>

805 459 843 500 N
853 459 1104 501 ioobulus

966 531 1194 585 Nusquam
1226 532 1376 573 sentio.

808 601 1099 657 Chrysalus

204 674 309 716 Inde
343 689 367 716 a
398 675 610 729 principio
642 675 727 716 iam
758 675 972 729 inpudens
1005 675 1249 729 epistulast.

205 747 301 788 Non
334 746 472 797 dabis,
507 747 543 788 si
575 747 727 800 sapies.
787 745 947 788 Uerum
979 748 1014 789 si
1047 747 1122 789 das
1153 761 1364 798 maxume,

204 818 268 860 Ne
300 818 372 861 ille
405 818 540 860 alium
571 818 766 872 gerulum
800 823 994 872 quaerat,
1028 819 1063 860 si
1097 819 1247 873 sapiet,
1281 818 1383 870 sibi;

204 890 315 931 Nam
347 904 424 943 ego
455 904 540 932 non
571 890 742 932 laturus
775 904 879 941 sum,
913 891 949 932 si
980 890 1131 933 iubeas
1164 905 1375 932 maxume.

207 962 282 1004 Sat
315 963 376 1004 sic
411 967 638 1016 suspectus
670 975 775 1012 sum,
808 976 938 1015 quom
969 976 1095 1004 careo
1126 963 1269 1005 noxia.

800 1048 1100 1091 Nicobulus

204 1121 415 1163 Ausculta
445 1134 586 1175 porro.
621 1120 722 1162 dum
753 1120 847 1163 hoc.
880 1121 995 1175 quod
1028 1122 1291 1176 scriptumst.
1324 1121 1512 1175 perlego.

209 1193 371 1235 ..Pudet
403 1193 578 1247 prodire
609 1207 675 1234 me
708 1193 763 1235 ad
794 1198 835 1234 te
868 1194 911 1234 in
943 1197 1236 1247 conspectum,
1269 1197 1414 1247 pater;

204 1265 391 1307 Tantum
422 1264 636 1319 flagitium
667 1270 709 1307 te
745 1266 854 1307 seire
887 1265 1036 1306 audiui
1069 1279 1221 1315 meum,

205 1336 330 1386 Quod
361 1351 457 1378 cum
489 1338 702 1391 peregrini
736 1337 865 1379 cubui
897 1351 1027 1379 uxore
1060 1337 1250 1378 militisf‘

204 1408 282 1452 Pol
313 1408 431 1450 haud
463 1408 653 1459 deride33
686 1423 785 1450 nam
819 1409 1014 1451 ducentis
1047 1409 1190 1451 aureis

203 1480 416 1535 Philippis
448 1480 612 1522 redemi
643 1481 779 1522 uitam
811 1495 862 1523 ex
893 1480 1056 1535 flagitio
1087 1485 1220 1522 tuam.

803 1567 1098 1622 Chrysalus

199 1639 318 1680 Nihil
351 1643 415 1680 est
447 1638 628 1689 illorum,
662 1639 765 1693 quin
798 1653 875 1693 ego
907 1639 971 1681 illi
1004 1639 1198 1681 dixerim.

801 1725 971 1767 Nicob
986 1726 1105 1767 ulus

203 1797 367 1840 ..Stulte
400 1797 555 1840 fecisse
586 1798 747 1841 fateor:
781 1798 857 1840 sed
889 1812 1060 1851 quaeso,
1094 1802 1231 1852 paten

199 1870 262 1912 Ne
295 1884 361 1923 me
393 1870 436 1911 in
470 1869 667 1920 stultitia}
699 1870 733 1911 si
767 1869 943 1924 deliqui,
977 1870 1163 1912 deseras.

200 1942 291 1995 Ego
324 1942 465 1984 animo
499 1941 654 1996 cupido
687 1946 818 1996 atque
852 1942 986 1983 oculis
1018 1942 1240 1984 indomitis
1273 1941 1356 1993 fui3

200 2013 500 2056 Persuasumst
530 2013 687 2064 faeere,
721 2014 875 2068 quoius
908 2027 973 2055 me
1006 2028 1118 2055 nunc
1150 2013 1256 2055 facti
1289 2014 1461 2068 puclet.“

202 2086 328 2127 Prius
359 2091 402 2127 te
436 2085 602 2127 cauisse
635 2099 736 2139 ergo
770 2099 899 2139 quam
932 2085 1093 2139 pudere
1126 2099 1309 2139 aequom
1341 2084 1437 2127 fuit.

803 2171 1098 2225 Chrysalus

199 2243 363 2286 Eadem
394 2245 528 2286 istaec
559 2243 694 2286 uerba
727 2244 890 2286 dudum
921 2244 983 2285 illi
1017 2243 1104 2285 dixi
1135 2244 1292 2286 omnia.

801 2327 1097 2370 Nicobulus

205 2399 412 2449 „Quaesm
445 2404 491 2440 ut
524 2404 590 2440 sat
623 2398 788 2441 habeas
819 2400 876 2444 id,
909 2406 1048 2454 pater,
1081 2398 1196 2453 quod
1227 2397 1462 2453 Chrysalus

200 2471 268 2512 Me
302 2470 547 2524 obiurgauit
580 2470 788 2524 plurumis
820 2471 968 2513 uerbis
1001 2472 1126 2513 malis

291 2655 358 2689 997
384 2654 489 2689 CHR.
518 2665 582 2689 om.
608 2653 644 2688 Β
726 2655 791 2690 998
817 2655 947 2698 leye'tur
967 2659 1054 2698 post
1077 2656 1181 2689 1003.
1274 2656 1339 2688 999
1365 2653 1464 2698 sapis
1491 2653 1519 2688 G

201 2711 411 2755 geruruluni
440 2710 468 2745 C'
559 2712 647 2745 1004
671 2714 874 2755 conspectu
899 2709 934 2744 13
1030 2713 1115 2745 1005
1141 2711 1272 2746 seufire
1299 2710 1464 2745 auduure
1491 2709 1521 2745 (ἶ

199 2768 327 2802 multis
356 2767 384 2802 C
480 2769 563 2802 1011
592 2767 718 2802 stultia
745 2766 773 2802 C

1614 830 1701 863 1000

1615 1276 1701 1310 1005

1611 1809 1698 1842 1010

1611 2252 1700 2287 1015

1610 2655 1698 2688 1000

1609 2710 1695 2744 1006
