1854 3188
234 189 287 227 42
920 191 1043 226 Plauti
1459 194 1521 240 IV,
1538 197 1570 240 4,
1587 197 1722 231 21—28

882 316 917 357 E
930 331 957 358 u
969 317 1070 359 clio

235 382 345 434 Uah,
377 385 586 427 scelestus
603 399 731 439 quam
749 386 944 441 benigne,
975 393 1022 430 ut
1038 403 1091 431 ne
1109 389 1339 432 abstulisse
1354 391 1626 446 intellegam!
1653 403 1721 438 640

233 454 347 496 Noui
380 457 687 511 sycophantias
721 462 825 501 tuas.
885 460 988 513 Age,
1020 475 1195 503 rursum
1225 462 1403 504 ostende
1433 462 1516 505 huc
1546 478 1722 506 manum

233 525 474 570 Dexteram.

840 603 1119 645 Strobilus

436 672 528 714 Em.

880 758 1069 801 Euclio

502 827 624 870 Nunc
657 829 827 870 laeuam
860 831 1051 871 ost-ende.

838 938 1114 982 Strobilus

974 1011 1086 1060 Quin
1119 1013 1318 1065 equidem
1348 1012 1496 1054 ambas
1531 1012 1706 1067 profero

884 1118 1070 1160 Euclio

230 1185 322 1226 Iam
354 1187 537 1227 scrutari
569 1187 708 1230 mitto.
772 1189 920 1231 Redde
951 1190 1046 1231 huc.

837 1300 863 1342 S
876 1305 894 1342 t
906 1315 927 1341 r
940 1315 962 1341 o
975 1301 1001 1341 b
1013 1301 1024 1341 i
1038 1301 1087 1341 lu
1101 1314 1119 1341 s

1008 1371 1120 1421 Quid
1151 1371 1358 1414 reddam?

882 1483 1069 1525 Euclio

1333 1553 1412 1605 Ah,
1445 1567 1581 1606 nugas
1613 1554 1720 1607 agis.

229 1621 356 1663 Certe
388 1622 532 1665 habes.

840 1710 1113 1752 Strobilus

502 1781 654 1823 Habeo
688 1782 794 1835 ego‘?
828 1781 939 1831 Quid
972 1783 1138 1825 habeo?

878 1893 1068 1935 Euclio

1075 1965 1173 2006 Non
1205 1964 1322 2016 dieo3
1356 1964 1505 2006 audire
1539 1965 1718 2018 expetis.

229 2034 279 2075 Id
311 2049 452 2075 meum
484 2035 699 2089 quidquid
728 2035 877 2086 habes,
909 2036 1054 2078 redde.

837 2145 1110 2188 Strobilus

980 2217 1162 2260 Ins-anis.
1222 2218 1533 2259 Perscrutatus
1566 2232 1611 2259 es
1651 2229 1720 2263 645

227 2287 318 2329 Tuo
351 2287 579 2339 arbitratu,
611 2302 749 2342 neque
780 2290 844 2330 tui
875 2304 941 2331 me
974 2291 1212 2344 quidquam
1243 2290 1455 2331 inuenisti
1486 2304 1631 2344 penes.

877 2399 1066 2441 Euclio

228 2470 368 2522 Mane,
401 2484 536 2512 mane.
592 2470 695 2521 Quis
726 2470 814 2512 illic
845 2475 923 2521 est,
956 2473 1029 2525 qui
1061 2471 1130 2513 hie
1154 2472 1270 2513 intus
1299 2471 1411 2513 alter
1446 2476 1543 2513 erat
1573 2476 1719 2513 tecum

1179 2543 1335 2584 simul?

317 2713 380 2745 641
419 2711 550 2746 Nouisi
574 2714 801 2756 conpantyas
827 2723 894 2756 age
1033 2713 1100 2745 642
1136 2711 1317 2746 Dextram
1464 2711 1531 2744 643
1566 2711 1700 2754 Anuga

225 2769 293 2802 647
319 2768 399 2812 quis
