1897 3171
285 204 362 242 532
932 193 1114 231 Curculio.

274 329 551 373 intellexisset,
598 328 699 364 hunc
741 340 895 363 versum
929 328 1058 364 versui
1093 329 1141 364 32
1174 327 1418 377 postposuit,
1463 327 1601 364 ordine
1642 329 1769 365 minus

277 402 381 447 apto.
441 391 695 433 intestabilis
726 398 803 440 est,
845 396 912 442 qui
942 396 1054 431 testis
1086 396 1197 432 citari
1229 408 1308 431 non
1338 397 1490 443 potest,
1523 396 1699 442 infamis,
1733 410 1770 440 v,

275 465 413 503 Horat.
439 463 520 501 Sat.
544 463 592 509 II,
629 464 664 507 3,
700 464 791 499 181.
846 461 932 511 Dig.
965 462 1146 509 XXVIII,
1184 464 1218 510 1,
1253 463 1303 499 26
1330 462 1469 499 Gaius:
1508 463 1660 509 „Quum
1683 464 1768 512 lege

276 534 363 582 quis
395 531 634 568 intestabilis
666 531 828 567 iubetur
858 543 962 576 esse,
996 543 1040 567 eo
1078 532 1269 580 pertinet,
1303 543 1351 567 ne
1385 532 1468 567 eius
1500 532 1771 568 testimonium

275 601 512 649 recipiatur,
546 602 584 635 et
616 611 661 636 eo
694 599 881 648 amplius,
923 603 967 635 ut
998 599 1157 647 quidam
1189 602 1349 647 putant,
1391 611 1488 635 neve
1519 599 1594 648 ipsi
1626 598 1771 636 dicitur

274 665 587 705 testimonium“.
652 666 734 703 Hoc
766 666 925 716 quidem
956 666 1073 712 falso,
1112 666 1181 703 sed
1213 666 1382 703 credidit
1413 667 1533 702 etiam
1566 666 1768 715 Ulpianus,

274 736 370 774 ibid.
393 737 463 774 18:
501 734 564 781 „Si
581 735 668 784 quis
695 734 745 772 ob
772 747 927 771 carmen
952 734 1144 771 famosum
1172 735 1388 780 damnetur,
1417 734 1518 771 SCto
1544 748 1771 784 expressum

276 809 346 851 est,
378 808 423 841 ut
451 802 694 840 intestabilis
725 803 792 848 sit3
828 814 920 850 ergo
951 815 1021 839 nec
1051 806 1328 840 testamentum
1359 802 1486 839 facere
1517 804 1668 852 poterit
1699 816 1768 840 nec

276 873 326 911 ad
355 873 637 909 testamentum
669 868 889 908 adhiberi“.
958 865 1237 917 Ῑῦῖΐθείαόόῖἱδ,
1284 871 1308 907 i.
1342 884 1374 908 e.
1407 871 1562 907 infamis
1603 884 1650 907 ne
1688 870 1768 913 fiat,

276 941 414 978 herum
429 942 562 976 monet
580 938 803 984 Palinurus,
832 939 980 975 veritus
1003 951 1050 974 ne
1074 938 1313 976 adulterium
1330 941 1559 977 committat.
1606 939 1766 983 Errant,

277 1010 344 1058 qui
374 1008 583 1046 obscenum
615 1007 740 1043 iocum
775 1006 935 1042 subesse
963 1006 1140 1053 credunt,
1171 1009 1216 1043 ut
1238 1007 1278 1043 in
1303 1007 1442 1044 Militis
1467 1008 1627 1057 gloriosi
1651 1021 1768 1044 scena

277 1080 453 1114 extrema
486 1074 549 1122 (cf.
582 1075 685 1111 infra
719 1072 826 1118 622).
888 1074 987 1111 Nam
1022 1075 1128 1124 quod
1159 1075 1240 1111 illic
1273 1075 1322 1111 ad
1352 1088 1435 1111 rem
1467 1079 1545 1122 est,
1584 1076 1648 1112 hic
1678 1081 1717 1112 et
1748 1090 1769 1112 a

274 1159 317 1182 re
348 1148 387 1181 et
421 1158 443 1181 a
480 1155 646 1193 persona
686 1142 963 1180 alienissimum
1005 1148 1076 1180 est.
1116 1164 1172 1168 ——
1214 1144 1278 1181 32.
1325 1143 1402 1180 Pro
1440 1141 1510 1181 uia
1550 1144 1680 1180 nescio
1720 1157 1768 1180 an

280 1210 430 1261 „uiam“
467 1210 716 1248 scribendum
747 1211 810 1248 sit.
854 1231 909 1236 ——
957 1212 1019 1249 33.
1061 1208 1174 1259 hinc,
1216 1212 1240 1248 i.
1275 1225 1306 1249 e.
1340 1225 1362 1248 a
1392 1212 1549 1258 lenone,
1592 1225 1640 1248 ex
1671 1211 1767 1249 dett.

276 1280 387 1319 codd.
421 1280 590 1328 antiquae
624 1278 734 1325 edd.;
773 1279 810 1315 I:
847 1278 1001 1326 ,‚huic“.
1036 1299 1088 1304 —
1132 1281 1195 1317 36.
1241 1276 1372 1326 faciat
1401 1280 1458 1317 Fl.
1495 1299 1542 1304 —
1591 1281 1654 1317 37.
1702 1277 1771 1317 ted

275 1349 391 1387 Both.
425 1361 518 1393 em.;
552 1346 675 1396 Gepp.
715 1350 783 1392 „tu
814 1344 892 1383 te“.
929 1366 978 1372 —
1014 1349 1078 1385 38.
1114 1345 1214 1395 quid
1244 1344 1353 1385 lubet
1383 1348 1507 1394 codd„
1540 1347 1599 1385 Fl.
1637 1347 1768 1397 „quod

274 1415 425 1455 lubet“.
464 1435 519 1441 —
559 1416 622 1452 39.
670 1414 815 1452 euenat
845 1415 960 1452 Both.
994 1429 1088 1461 em.,
1130 1416 1176 1453 cf.
1210 1415 1364 1463 Proleg.
1398 1429 1435 1464 p.
1471 1417 1564 1453 215.
1603 1435 1659 1439 —
1698 1415 1765 1453 41.

279 1481 514 1534 obloquere,
547 1483 572 1520 i.
599 1496 630 1520 e.
657 1483 752 1520 mihi
784 1483 1040 1530 contradicis;
1073 1497 1161 1520 nam
1188 1483 1443 1520 Phaedromus
1474 1496 1593 1532 quum
1616 1483 1767 1521 foribus

275 1554 374 1591 bene
412 1555 591 1602 optaret,
638 1565 715 1588 non
755 1551 902 1588 aedibus
942 1552 1056 1588 aliter
1093 1551 1272 1589 dicturus
1313 1556 1410 1589 erat.
1485 1551 1626 1589 Servus
1671 1564 1764 1589 vero

275 1621 430 1659 scurrili
460 1622 544 1658 ioco
570 1620 826 1657 indicativum
850 1632 922 1669 pro
947 1621 1180 1669 imperativo
1206 1621 1313 1669 capit
1339 1623 1378 1656 et
1404 1621 1515 1669 quasi
1538 1633 1579 1656 se
1604 1619 1765 1669 obloqui

274 1691 470 1735 iussisset,
502 1688 576 1725 hoc
608 1687 690 1724 fore
721 1689 938 1736 promittit,
972 1688 1018 1725 cf.
1053 1689 1118 1725 45.
1153 1689 1217 1725 70.
1252 1689 1316 1725 73.
1355 1708 1411 1713 ——
1448 1684 1608 1734 Etiam,
1646 1702 1682 1726 v,
1715 1688 1766 1725 ad

274 1758 382 1795 Asin.
416 1758 509 1794 707.
570 1755 610 1793 Si
641 1769 779 1793 versus
809 1760 915 1792 recte
946 1756 1119 1793 traditus
1151 1760 1228 1802 est,
1270 1760 1358 1792 ante
1390 1756 1428 1793 h.
1460 1770 1495 1794 v.
1528 1757 1660 1794 hiatus
1691 1760 1763 1794 est.

273 1824 355 1862 FL:
393 1824 547 1871 „Etiam
579 1827 624 1861 tu
653 1822 811 1861 ’[ῑιιοθεῗιι
847 1828 890 1861 ut
913 1825 1020 1862 Trin.
1047 1825 1139 1862 514.
1164 1844 1220 1848 —
1251 1825 1315 1861 43.
1350 1821 1403 1862 Id
1432 1830 1662 1874 corruptum
1693 1829 1763 1862 est.

274 1893 495 1930 Acidalius:
548 1892 634 1939 „Ita
664 1893 723 1929 uti
753 1889 871 1939 iam“,
912 1893 1000 1930 coll.
1032 1892 1152 1930 Poen.
1186 1893 1287 1930 469:
1335 1893 1417 1938 „Ita
1455 1897 1499 1930 ut
1537 1894 1670 1943 occepi
1709 1894 1764 1930 di-

277 1958 403 1998 cere“.
465 1960 556 1998 Sine
593 1958 695 2006 „ita“
731 1960 849 1998 Stich.
887 1962 985 1998 381:
1023 1965 1089 2007 „ut
1119 1962 1253 2010 occepi
1283 1959 1485 1998 narrati-&2
1546 1961 1626 1999 FL:
1664 1961 1764 2008 „Sed

274 2030 332 2066 ita
360 2033 406 2066 ut
437 2026 620 2077 occepi“;
653 2029 782 2078 possis
813 2030 952 2066 etiam:
989 2028 1088 2075 „Sed
1118 2033 1163 2065 ut
1192 2028 1265 2065 tibi
1295 2027 1469 2077 occepi“.
1502 2049 1557 2054 —-
1588 2028 1624 2067 ei
1654 2031 1765 2078 quasi

277 2099 326 2135 eii
358 2097 585 2147 legendum,
632 2096 691 2134 Fl.
730 2097 831 2143 „cist
862 2097 1058 2134 ancillula.
1091 2116 1146 2121 —
1177 2097 1242 2133 44.
1275 2093 1434 2134 habitat
1464 2098 1600 2144 codd.;
1647 2097 1763 2134 Both.

275 2165 333 2203 Fl.
370 2162 559 2213 „habet“,
607 2168 652 2200 ut
681 2164 771 2202 Aul.
808 2168 841 2202 5.
866 2185 922 2189 —
953 2165 1018 2202 45.
1060 2162 1226 2202 excidat
1255 2164 1438 2203 Gulielm.
1479 2179 1550 2203 em.
1619 2165 1764 2202 Iterum

274 2233 435 2270 facetias
476 2233 618 2282 quaerit
659 2245 705 2268 ex
745 2234 967 2281 captatione
1006 2233 1119 2270 verbi
1150 2233 1226 2270 alia
1258 2236 1296 2270 vi
1327 2235 1497 2282 accepti3
1539 2233 1764 2270 adolescen-

274 2305 356 2338 tem
381 2303 512 2338 autem
535 2299 673 2337 talium
696 2301 933 2349 ineptiarum
960 2299 1118 2338 taedet“.
1144 2321 1199 2326 -—
1230 2302 1295 2339 46.
1329 2301 1425 2338 Post
1454 2297 1589 2349 faeere
1618 2301 1762 2348 hiatus,

275 2383 392 2419 quem
420 2369 740 2417 interpunctione
771 2373 930 2405 excusat
961 2369 1154 2419 Spengel,
1196 2369 1322 2407 Plaut.
1355 2384 1394 2419 p.
1429 2370 1529 2415 2223
1577 2368 1636 2406 Fl.
1673 2366 1761 2416 „at“

276 2437 399 2474 addit.
422 2456 479 2461 -—
504 2437 571 2473 47.
603 2435 859 2473 Phaedromus
890 2450 967 2474 non
998 2439 1148 2475 minore
1179 2438 1321 2487 puellae
1355 2450 1485 2474 amore
1517 2441 1654 2486 captus
1685 2437 1763 2475 dic-

276 2509 388 2542 turus
419 2508 504 2541 erat
535 2518 574 2541 se
605 2505 793 2541 mutuum
824 2505 973 2551 facere,
1017 2506 1062 2543 cf.
1097 2506 1203 2543 Trin.
1238 2507 1336 2543 438:
1391 2505 1518 2552 „Bene
1557 2506 1641 2542 uolt
1678 2506 1762 2542 tibi.

276 2573 355 2610 LE.
387 2572 542 2622 Edepol
573 2576 752 2609 mutuum
784 2585 937 2609 mecum
968 2571 1105 2611 facit“.
1180 2574 1264 2611 Mil.
1302 2573 1428 2611 1245:
1479 2587 1636 2621 „amore
1675 2586 1764 2622 per-

277 2641 399 2678 ditast
422 2641 518 2678 haec
542 2641 696 2678 misera.
742 2640 819 2678 PY.
852 2641 1032 2678 Mutuum
1056 2640 1140 2679 fit“.
1186 2642 1292 2679 Pers.
1319 2642 1419 2679 764:
1457 2641 1631 2688 „Omnia,
1665 2655 1764 2690 quae

277 2713 321 2747 tu
352 2711 423 2755 uis,
457 2722 501 2745 ea
531 2709 656 2758 cupio.
717 2709 796 2746 TO.
829 2708 969 2746 Mutua
999 2709 1098 2747 fiunt
1129 2723 1150 2746 a
1181 2709 1281 2748 me“.
1329 2710 1405 2747 Cic.
1439 2710 1488 2746 ad
1515 2710 1624 2746 Fam.
1652 2709 1696 2756 V,
1725 2712 1761 2747 2.

278 2777 352 2815 Sed
383 2778 494 2826 quasi
524 2778 673 2814 veritus
704 2791 751 2814 ne
782 2778 813 2814 si
845 2778 1002 2814 usitatis
1032 2778 1163 2815 verbis
1194 2782 1383 2823 uteretur,
1427 2791 1567 2826 parum
1600 2779 1760 2824 diceret,
