1897 3171
145 194 210 240 IV,
224 197 256 240 3,
271 197 394 241 17-—4‚
407 199 430 232 4
811 194 993 229 Curculio.
1556 197 1634 236 251

643 320 1139 373 Therapontiyonus

821 485 859 527 L
868 500 894 540 y
905 499 924 528 c
937 499 959 527 ο

293 593 301 601 .
361 559 457 612 feci,
491 559 606 613 quod
638 558 868 609 mandasti,
899 559 962 599 tui
994 557 1172 599 honoris
1205 557 1357 611 gratia,

147 631 286 674 Tuum
304 632 378 686 qui
396 632 565 685 signum
583 631 639 673 ad
655 645 722 672 me
741 630 983 680 adtulisset,
1001 629 1201 670 nuntium
1217 643 1270 670 ne
1288 642 1545 683 spernerem.
1574 641 1640 675 550

631 725 840 779 Therap
855 725 1153 778 ontigonus

147 796 333 840 Stultior
363 797 499 840 stulto
530 798 662 849 fuisti,
696 798 768 852 qui
799 796 973 838 tabellis
1006 796 1215 838 crederes.

828 892 965 947 Lyco

146 962 252 1013 Quis
282 978 352 1006 res
384 964 559 1019 publica
590 969 633 1006 et
664 965 837 1018 priuata
870 965 1046 1018 geritur,
1078 977 1165 1004 non
1196 963 1233 1004 is
1266 961 1519 1004 crederem?

147 1035 239 1090 Ego
271 1036 401 1088 abeo3
432 1036 512 1078 tibi
543 1050 612 1078 res
642 1037 825 1078 solutast
856 1042 987 1078 recte.
1048 1034 1254 1083 Bellator,
1287 1034 1398 1076 uale.

632 1131 1147 1185 Therapontigonus

149 1200 274 1253 Quid,
306 1202 507 1245 ualeam?

825 1290 960 1344 Lyco

392 1362 450 1404 At
480 1368 527 1404 tu
560 1367 753 1417 aegrota,
787 1362 823 1403 si
853 1361 987 1412 lubet,
1020 1374 1098 1415 per
1128 1373 1195 1401 me
1227 1364 1419 1402 aetatem
1451 1359 1639 1413 quidem.

637 1456 1150 1511 Therapontigonus

148 1526 262 1577 Quid
292 1542 370 1582 ego
400 1543 514 1571 nuno
546 1528 732 1571 faciam?
774 1529 887 1579 Quid
917 1528 1051 1569 refert
1082 1541 1149 1568 me
1176 1526 1330 1568 fecisse
1361 1526 1548 1580 regibus,
1575 1538 1641 1571 555

149 1599 208 1642 Ut
237 1599 344 1642 mihi
376 1600 642 1652 oboedirent,
683 1602 717 1642 si
747 1601 819 1641 hio
849 1614 916 1641 me
948 1599 1076 1641 hodie
1108 1598 1376 1640 umbraticus
1410 1598 1641 1640 deriserit?

201 1849 502 1893 CAPPADOX
533 1849 696 1892 LENO.
759 1847 1384 1891 THERAPONTIGONUS
1409 1846 1593 1889 MILES.

755 1951 1043 2006 Cappadox

153 2024 264 2075 Quoi
295 2025 458 2067 homini
490 2025 533 2067 di
564 2030 665 2066 sunt
695 2025 887 2079 propitii,
920 2025 959 2065 ei
988 2038 1074 2066 non
1107 2037 1201 2066 esse
1233 2024 1368 2064 iratos
1400 2026 1518 2076 puto.

150 2096 392 2152 Postquam
421 2111 510 2139 rem
544 2097 735 2139 diuinam
765 2096 861 2148 feci,
892 2097 1014 2137 uenit
1044 2097 1088 2137 in
1119 2101 1306 2137 mentem
1336 2094 1454 2143 mihi,

150 2169 215 2211 Ne
244 2170 458 2224 trapezita
488 2169 710 2211 exulatum
740 2168 909 2219 abierit,
942 2173 1171 2221 argentum
1201 2173 1249 2209 ut
1279 2171 1439 2222 petam.

151 2239 211 2283 Ut
242 2254 322 2295 ego
353 2241 500 2295 potius
532 2240 745 2284 comedim
777 2253 907 2295 quam
938 2239 1022 2282 ille.

642 2334 1154 2389 Therapontigonus

1043 2406 1249 2448 Iusserim
1283 2404 1452 2447 saluere
1482 2410 1538 2445 te.
1580 2413 1646 2447 560

245 2604 401 2638 548—49
426 2602 523 2647 Quid
546 2602 646 2638 feei?
674 2602 779 2646 Quod
803 2601 989 2637 mandasti
1013 2601 1085 2636 feci
1110 2601 1166 2636 tui
1190 2599 1342 2634 honoris
1369 2598 1525 2642 gratiam
1581 2598 1645 2631 551

155 2660 219 2704 qui
241 2659 287 2695 iis
310 2659 459 2695 tabellis
530 2662 595 2695 552
619 2660 800 2705 publicas,
826 2659 889 2694 sed
913 2671 928 2693 s
954 2669 1106 2694 erasum.
1178 2667 1301 2692 nonne
1326 2656 1356 2690 is
1438 2656 1504 2689 553
1527 2654 1646 2689 habeo

154 2716 225 2751 tibi
247 2727 307 2751 res
332 2716 470 2751 solutas
497 2720 600 2752 recte
659 2718 725 2751 554
751 2717 781 2750 si
803 2716 908 2751 uiuet
970 2716 1019 2751 In
1038 2716 1141 2751 titulo
1166 2709 1645 2748 THERAPONTIGONUS

157 2783 222 2808 om.
294 2774 360 2809 560
386 2773 571 2809 Iusseram
