1897 3171
234 185 315 223 294
874 175 1076 210 Aulularia.

232 310 307 347 tini
345 308 456 346 codd.
495 307 650 343 Terent.
682 305 805 343 Andr.
841 307 914 342 29:
966 303 1208 351 „Adesdum3
1253 303 1386 351 paucis
1425 306 1465 340 te
1503 302 1633 340 uolo“.
1665 323 1722 328 -—

238 379 328 415 194.
361 372 648 424 llarpayatum,
676 376 866 423 ereptum,
897 374 1010 422 quasi
1031 372 1257 421 harpagone
1282 371 1488 418 sublatum,
1515 371 1563 408 cf.
1580 371 1719 408 Bacch.

235 446 329 483 654.
389 443 528 481 Pseud.
574 427 665 480 139.
706 443 798 479 962.
837 460 893 465 -
932 450 1020 478 eam
1058 449 1164 486 rem,
1204 440 1229 476 i.
1263 452 1295 476 e.
1337 439 1384 476 de
1423 453 1468 476 ea
1506 452 1567 485 re,
1609 441 1720 488 quasi

232 527 311 551 non
343 509 460 550 adire
490 509 545 549 acl
569 508 804 560 pactionem
834 512 1084 558 sequeretur,
1118 507 1186 544 sed
1215 507 1379 557 pacisci;
1419 507 1466 544 cf.
1499 507 1548 543 ad
1579 506 1721 556 Amph.

236 583 327 619 515.
356 600 404 605 -—
430 582 521 617 195.
553 575 797 616 ‘intervisam
828 574 1004 622 domum,
1039 575 1084 612 cf.
1114 576 1204 612 196.
1250 575 1371 612 Mero.
1408 576 1505 612 546:
1544 574 1724 621 „Interea

232 654 365 686 tamen
388 649 493 685 intro
526 647 575 684 ad
605 660 665 683 me
696 646 772 683 huc
802 646 970 682 inuisam
998 641 1269 681 domum“.-—
1297 644 1388 680 196.
1420 642 1605 679 Numeris
1630 641 1723 678 defi-

234 717 427 755 cientibus
459 716 527 752 alii
565 715 681 751 aliter
719 716 995 751 succurrerunt
1033 711 1217 749 editores.
1250 710 1470 748 Acidalius:
1523 710 1723 757 „Quonam

234 785 344 824 abis‘?
366 816 372 823 .
394 815 401 822 .
424 815 431 822 .
449 796 617 832 namque
642 780 741 828 est“,
759 781 873 819 Both.
925 780 1032 827 „Quo
1050 776 1190 816 abis‘?“
1220 777 1323 825 (cum
1339 775 1467 824 hiatu)
1499 777 1606 825 „EU.
1624 778 1724 814 Iam-

232 857 309 892 iam
329 885 335 892 .
356 885 362 891 .
386 884 392 891 .
412 848 621 901 namque“.
652 850 793 898 Wagn.
816 850 921 895 „Iam
945 848 1021 884 huo
1047 878 1054 885 .
1075 878 1082 885 .
1105 878 1111 885 .
1132 878 1139 884 .
1164 844 1371 895 namque“.
1417 846 1582 892 Ritsch„
1615 845 1724 882 Neue

233 922 407 960 Excurse
438 920 469 968 I,
500 934 538 970 p.
566 921 639 957 80:
685 917 822 965 „Quod
854 915 963 953 abis?
990 946 997 953 .
1018 946 1025 952 .
1046 946 1053 953 .
1075 946 1082 952 .
1107 928 1198 952 nam
1231 918 1290 951 est
1321 914 1426 963 quod
1456 915 1624 951 inuisam
1656 913 1725 950 do-

234 983 380 1028 mum“.
411 1009 468 1014 —
503 988 706 1025 197—99.
754 986 847 1022 Haec
876 984 1115 1032 Megadorus
1149 997 1291 1029 secum,
1324 985 1537 1032 postquam
1569 982 1723 1018 domum

234 1058 397 1096 intravit
420 1056 571 1094 Euclio.
588 1075 644 1079 —
661 1050 924 1102 despondeat,
957 1066 1008 1089 sc.
1034 1065 1130 1088 eam.
1148 1071 1204 1075 -—
1233 1052 1324 1088 199.
1349 1047 1495 1099 Neque
1518 1054 1591 1088 ete.
1609 1049 1727 1098 Wag-

234 1140 328 1164 nero
351 1139 468 1175 quum
485 1125 589 1161 inter
613 1123 717 1160 hunc
739 1135 894 1159 versum
920 1124 959 1158 et
979 1120 1276 1157 antecedentem
1293 1119 1423 1156 nullus
1440 1118 1726 1155 sententiarum

235 1208 357 1233 nexus
388 1192 634 1230 intercedere
664 1190 888 1236 videretur,
931 1188 1121 1226 excidisse
1163 1187 1313 1236 aliquid
1343 1186 1512 1236 putabat
1544 1186 1592 1223 ad
1625 1186 1726 1222 hanc

235 1264 316 1300 fere
347 1261 597 1299 sententiam.
671 1258 851 1305 „Etenim
889 1271 930 1294 se
968 1257 1063 1293 meis
1102 1255 1240 1306 opibus
1277 1268 1411 1305 parem
1443 1268 1527 1291 esse
1559 1267 1726 1302 suasque

235 1333 414 1369 fortunas
453 1329 502 1366 ad
543 1341 648 1364 meos
686 1329 865 1376 sumptus
905 1324 1117 1374 aequandos
1158 1323 1334 1360 sufficere
1379 1319 1580 1372 negabit“.
1650 1321 1726 1359 Sed

236 1400 438 1436 sententiae
468 1396 601 1433 hiatus
631 1396 698 1432 vix
728 1396 853 1432 maior
884 1397 954 1440 est,
989 1406 1103 1441 quam
1135 1393 1202 1440 qui
1232 1392 1344 1428 facile
1375 1392 1415 1428 in
1447 1403 1626 1428 sermone
1658 1389 1728 1427 ho-

236 1469 383 1505 minum
423 1467 575 1503 oriatur
613 1467 653 1501 et-
691 1477 713 1500 a
754 1464 893 1512 quovis
923 1461 1184 1508 intelligatur.
1245 1459 1444 1505 Derideri,
1491 1460 1640 1507 inquit,
1688 1471 1728 1495 se

237 1535 516 1580 arbitrabitur,
556 1545 682 1581 neque
714 1531 787 1568 hoc
818 1531 958 1575 miror,
998 1542 1088 1566 nam
1119 1528 1361 1577 parsimonia
1392 1540 1524 1564 omnes
1556 1530 1726 1576 superat,

237 1609 280 1642 ut
318 1603 495 1653 profecto
533 1601 725 1638 ridiculus
763 1600 832 1646 sit,
881 1599 947 1647 qui
989 1610 1076 1633 eum
1115 1596 1177 1633 vel
1214 1595 1402 1633 indotatae
1443 1595 1534 1632 filiae
1571 1595 1729 1644 nuptias

237 1674 430 1710 facturum
463 1683 546 1707 esse
585 1669 744 1705 credere
782 1668 921 1716 possit.
955 1686 1009 1690 -—
1040 1661 1163 1710 alter,
1196 1663 1416 1700 Francken.
1449 1663 1550 1700 conf.
1582 1662 1726 1712 Amph.

243 1741 361 1778 1062.
408 1739 527 1776 Poen.
549 1738 647 1775 828:
686 1749 834 1785 „neque
865 1735 1060 1784 periurior
1089 1745 1215 1782 neque
1247 1734 1358 1781 peior
1390 1732 1490 1768 alter
1520 1734 1729 1779 usquamst

239 1804 458 1857 gentium“.
482 1826 538 1830 —
571 1815 621 1843 ex
642 1803 902 1853 paupertate,
936 1804 959 1840 i.
993 1815 1025 1839 e.
1058 1802 1099 1838 in
1129 1804 1375 1850 paupertate,
1408 1813 1478 1837 nec
1510 1812 1728 1848 pauperum

239 1889 422 1914 numerus
454 1873 716 1923 significatur,
764 1872 832 1909 sed
864 1884 908 1908 ea
938 1872 1030 1907 vitae
1070 1868 1260 1914 condicio,
1300 1867 1404 1904 unde
1444 1870 1573 1904 oritur
1603 1868 1731 1916 parsi·

240 1945 383 1982 monia.
414 1963 471 1967 —-
503 1943 595 1979 200.
634 1940 773 1977 Euclio
812 1943 1023 1989 postquam
1063 1937 1290 1974 thesaurum
1321 1935 1469 1972 salvum
1502 1949 1586 1972 esse
1616 1935 1729 1981 vidit,

240 2013 353 2050 laetus
378 2011 492 2057 redit,
527 2010 697 2058 deosque
728 2008 801 2045 sibi
831 2007 1026 2056 propitios
1052 2004 1261 2054 praedicat;
1293 2000 1412 2042 salua
1435 2013 1502 2040 γεὸ*
1533 2003 1602 2050 esf,
1637 2003 1731 2040 olim

242 2080 509 2124 emendatum,
564 2077 712 2114 salvum
765 2076 887 2122 enim,
942 2074 1088 2123 inquit,
1143 2075 1202 2109 est
1246 2072 1439 2121 quidquid
1485 2085 1562 2108 non
1607 2072 1731 2120 perit:

241 2148 436 2199 generalis
471 2146 688 2191 sententia,
729 2143 926 2192 superflua
958 2142 1026 2179 illa
1058 2140 1234 2191 quidem,
1268 2140 1336 2177 sed
1367 2140 1414 2177 ab
1445 2140 1645 2177 Euclionis
1676 2142 1733 2177 in-

241 2217 356 2266 genio
397 2227 474 2251 non
511 2216 572 2250 est
611 2213 783 2249 alienum
821 2212 862 2248 in
903 2224 948 2248 ea
987 2211 1145 2247 morari.
1219 2209 1385 2246 Vahlen.
1426 2209 1467 2245 in
1506 2208 1640 2245 Herm.
1682 2207 1731 2254 X,

241 2298 279 2334 p.
313 2284 393 2321 460
425 2294 565 2332 parum
596 2281 764 2317 feliciter
795 2280 978 2316 coniecit:
1029 2279 1085 2326 „si
1117 2277 1212 2327 quid
1245 2275 1458 2326 comperit⁶⁴
1495 2274 1563 2323 (se.
1596 2275 1735 2323 Mega-

244 2349 393 2398 dorus).
440 2349 658 2387 Francken.
685 2349 756 2385 hac
779 2347 1098 2397 interpunctione
1128 2347 1275 2383 utitur:
1314 2345 1526 2392 „saluomst
1558 2345 1590 2380 si
1623 2343 1732 2393 quid,

243 2434 322 2458 non
352 2417 496 2470 perit“.
527 2437 584 2442 —
623 2418 716 2454 201.
749 2413 859 2454 redii
889 2417 967 2452 iam
998 2416 1039 2451 in
1071 2416 1214 2451 ceteris
1247 2413 1360 2451 codd.
1394 2412 1658 2449 emendatum.
1677 2429 1733 2436 ——

246 2490 338 2527 202.
370 2485 408 2526 si
438 2483 538 2537 quid
565 2495 629 2523 me
658 2482 734 2531 uis,
778 2484 825 2521 cf.
859 2485 952 2520 210.
1013 2482 1125 2531 Capt.
1159 2483 1254 2520 973.
1315 2481 1400 2519 Cas.
1436 2482 1527 2518 330.
1561 2480 1609 2517 al.
1671 2482 1740 2526 „te

242 2554 360 2594 uolo“
397 2555 508 2604 Capt.
543 2555 635 2591 597.
669 2554 761 2590 972.
822 2552 929 2589 Trin.
965 2550 1058 2587 516.
1090 2551 1139 2588 al.
1206 2549 1323 2597 „Quis
1353 2562 1414 2586 me
1444 2546 1580 2586 uolt‘?“
1645 2547 1733 2585 Ter.

243 2624 367 2662 Andr.
398 2625 490 2661 872.

360 2693 453 2730 204.
500 2687 601 2728 mihi
643 2701 759 2727 versu
809 2688 968 2725 iubente
1013 2687 1195 2723 delerunt
1238 2686 1383 2723 Harius
1430 2684 1595 2733 aliique3
1649 2682 1733 2721 Wr.

249 2759 374 2808 „Dum
421 2758 578 2809 quidem
624 2771 694 2804 ne,
742 2756 847 2805 quod
892 2755 1157 2805 perconteris,
1205 2754 1301 2791 mihi
1338 2766 1417 2791 non
1462 2752 1598 2789 lubeat
1641 2764 1733 2800 pro-
