1897 3171
799 195 840 229 V.
866 198 1033 232 72—100.
1582 210 1662 249 283

170 323 263 361 deos
295 324 457 361 divitem
487 323 687 361 facturos?
757 321 918 364 Mirum
950 325 1064 377 quin,
1106 329 1182 367 vid.
1218 331 1361 381 Amph.
1404 335 1497 372 743.
1566 336 1661 374 Mox

167 403 276 431 mmo
314 406 427 431 versu
465 392 628 430 iubente
666 393 759 430 olim
798 394 996 433 sublatum
1034 400 1113 443 est3
1160 402 1290 437 ortum
1328 401 1485 440 videtur
1522 417 1569 440 ex
1599 414 1662 442 me

166 475 288 512 prave
324 462 440 499 lecto.
472 482 527 486 -
569 464 632 499 86.
682 458 923 512 Philippum
961 464 1031 502 am
1069 461 1264 505 Darium.
1340 469 1468 518 Reges
1514 472 1660 510 ditissi-

166 543 248 567 mos
278 532 477 577 nominat,
518 543 597 568 non
626 534 706 567 tam
737 535 866 569 certos
896 531 1092 580 homines,
1139 548 1211 572 nec
1243 535 1290 572 de
1321 538 1414 575 solis
1446 540 1660 578 Alexandri

164 599 297 646 magni
342 601 382 636 et
424 598 568 635 Xerxis
619 598 799 648 patribus
847 601 1117 649 cogitandum,
1174 617 1289 653 quam
1346 619 1429 653 eos,
1493 621 1659 657 quorum

164 668 320 704 nomine
367 667 511 716 signati
556 667 664 704 aurei
709 670 856 705 nummi
903 669 1037 707 orbem
1078 671 1327 720 obtinebant,
1374 676 1484 724 prius
1524 677 1657 725 darici,

162 738 301 785 postea
339 735 524 785 philippi.
587 735 642 773 Cf.
675 735 764 773 infr.
800 737 898 774 696:
952 738 1059 787 „Ego
1090 753 1175 777 sum
1207 741 1273 777 ille
1304 755 1374 778 rex
1406 743 1656 795 Philippus“.

162 823 218 828 --
241 801 479 853 triuenefica
504 804 647 841 dicitur
669 807 714 841 ut
743 804 1008 850 „trifurcifer“
1042 808 1145 845 infra
1170 810 1263 847 318.
1310 810 1410 848 Rud.
1439 813 1531 850 734.
1562 815 1655 852 735.

167 870 411 922 „triparcus“
446 872 554 910 Pers.
589 874 688 919 26:33
721 873 761 909 in
791 873 930 911 Bacch.
965 876 1044 913 808
1074 877 1360 923 „teruenefice“
1397 883 1470 917 est.
1503 901 1559 906 —
1591 884 1654 920 88.

161 938 274 991 quod
310 937 353 977 (Ii
383 937 486 979 (lant
513 937 615 989 fero.
685 941 820 979 Lamb.
854 943 1023 980 contulit
1053 944 1143 982 Hes.
1181 945 1253 996 Op.
1290 949 1393 985 715:
1442 950 1546 994 Μηδὲ
1577 952 1654 986 ποτ’

160 1009 352 1058 οὐλομένην
385 1011 508 1055 πενίην
538 1011 789 1059 ’θυμοφθόρον
819 1011 921 1060 ἀνδρὶ
956 1014 1110 1049 Ίέ’τλαθ’
1144 1014 1322 1058 ὀνειδίζειν
1350 1017 1522 1066 μακάρων
1554 1019 1654 1055 δόσιν

160 1093 234 1114 αιδν
264 1093 400 1114 ἔΟΤΪωἬ.

273 1148 338 1185 89.
370 1146 446 1184 Pro
477 1143 544 1185 Mc
573 1148 613 1184 in
643 1147 674 1184 B
706 1148 815 1196 prius
851 1146 971 1192 „hoc“
1006 1150 1210 1200 scriptum.
1245 1152 1291 1189 cf.
1325 1165 1360 1190 v.
1399 1155 1488 1192 104.
1523 1155 1572 1192 al.
1598 1176 1653 1181 —

160 1217 224 1253 91.
262 1212 397 1265 Quod,
443 1215 520 1254 vid.
554 1216 603 1254 ad
634 1216 745 1254 Asin.
780 1218 872 1254 750.
904 1237 960 1242 ——
993 1220 1057 1255 93.
1106 1216 1215 1268 iynis
1255 1217 1386 1268 m‘zcct,
1434 1223 1480 1260 cf.
1513 1223 1651 1273 Eurip.

156 1285 296 1323 Bacch.
330 1286 376 1322 S:
409 1285 455 1321 ἔτι
474 1286 586 1334 πυρὸς
619 1286 733 1328 ζῶσαν
764 1287 891 1335 φλόγα.
951 1286 1156 1336 Aristoph.
1190 1287 1280 1337 LyS.
1317 1291 1416 1328 30ss:
1478 1294 1584 1329 Τουτὶ
1617 1295 1653 1329 τὸ

156 1355 229 1403 πῦρ
261 1355 454 1404 ἐγρήγορεν
483 1341 706 1390 θεῶνῇἕκατι
739 1355 797 1390 καὶ
830 1357 879 1403 ζῇ.
914 1375 967 1379 -
999 1354 1231 1405 CJ'ffempulO
1263 1359 1357 1396 olim
1389 1361 1650 1410 emendatum,

155 1437 190 1461 v.
208 1423 364 1471 Proleg.
392 1438 431 1473 p.
459 1424 551 1469 210,
586 1424 632 1461 cf.
658 1423 914 1461 Studemund.
944 1424 990 1462 N.
1017 1424 1151 1462 Jahrb.
1178 1426 1203 1463 f.
1232 1426 1334 1465 Phil.
1372 1429 1490 1477 1876,
1522 1444 1562 1479 p.
1586 1432 1649 1478 64,

156 1493 222 1541 qui
262 1492 495 1529 exeuntibus
536 1495 688 1529 tantum
727 1492 904 1529 versibus
944 1492 1041 1530 hanc
1081 1494 1244 1532 formam
1276 1497 1464 1535 vindicat.
1496 1519 1552 1524 -—-
1585 1502 1648 1537 95.

151 1556 361 1608 pistillum
399 1565 504 1597 recte
542 1562 660 1597 ceteri
693 1561 806 1598 codd.
838 1565 983 1610 praeter
1014 1562 1054 1599 B.
1096 1583 1151 1587 —
1190 1565 1254 1601 9⁴³».
1297 1564 1453 1604 ‘utenda
1490 1568 1649 1617 rofla‘rd,

157 1629 203 1666 cf.
239 1630 331 1667 303.
367 1630 459 1666 392.
517 1629 600 1667 Cat.
635 1629 681 1667 R.
715 1629 760 1667 R.
797 1632 839 1666 ἦε
893 1629 1011 1671 ..duas
1059 1634 1126 1667 aut
1167 1636 1248 1669 tres
1287 1633 1456 1672 familias
1497 1636 1650 1684 habeat,

155 1698 258 1735 unde
289 1697 437 1735 utenda
467 1702 583 1746 roget
615 1701 653 1735 et
684 1697 825 1747 quibus
857 1698 935 1744 det,
969 1702 1162 1747 praeterea
1188 1703 1374 1740 nemini“.
1404 1724 1456 1728 ——
1481 1706 1544 1742 97.
1578 1716 1649 1743 ue-

154 1764 268 1804 nisse
300 1766 419 1816 atque
449 1763 682 1814 abstulisse,
715 1768 740 1804 i.
760 1781 792 1804 e.
811 1767 985 1804 ablatum
1017 1770 1170 1805 venisse
1194 1770 1268 1817 vel,
1295 1785 1414 1819 quum
1438 1774 1648 1820 venissent,

154 1835 374 1873 abstulisse.
436 1835 528 1872 Haec
560 1836 638 1873 duo
670 1835 791 1872 verba
822 1837 1001 1884 quamvis
1027 1837 1250 1886 copulative
1276 1840 1487 1878 coniuncta
1517 1844 1648 1879 tamen

153 1918 227 1954 pro
257 1918 336 1942 uno
376 1908 486 1951 sunt,
534 1906 591 1942 ita
630 1908 674 1940 ut
703 1904 898 1941 obiectum
937 1906 1168 1953 posterioris
1207 1909 1330 1955 priori
1372 1912 1646 1959 anteponatur,

154 1973 200 2011 cf.
228 1974 327 2010 262:
365 1974 548 2020 „uaseula
578 1974 685 2010 intus
717 1986 813 2022 pure
844 1986 1015 2021 propera
1046 1976 1163 2023 atque
1196 1976 1322 2022 elue“,
1356 1978 1379 2014 i.
1413 1992 1443 2014 e.
1478 1992 1650 2029 propera

154 2042 297 2079 eluere.
359 2042 449 2080 Ter.
481 2041 556 2080 Ad.
591 2044 693 2080 917:
732 2042 814 2088 „Tu
845 2043 933 2079 illas
966 2043 1028 2080 abi
1061 2047 1101 2080 et
1139 2044 1343 2083 t1·aduce“.
1406 2046 1521 2094 Verg.
1555 2048 1645 2086 AEn.

154 2110 264 2157 VIII,
301 2111 407 2148 127:
457 2110 649 2161 „Optume
681 2110 968 2161 Graiugenum,
1017 2113 1078 2150 cui
1110 2126 1170 2149 me
1201 2112 1380 2151 Fortuna
1409 2117 1564 2164 precari
1595 2116 1648 2153 Et

152 2181 254 2217 vitta
294 2182 468 2229 comptos
499 2180 624 2216 voluit
654 2180 902 2229 praetendere
933 2180 1105 2219 ramos“.
1166 2181 1239 2219 Est
1272 2186 1526 2231 constructio,
1560 2199 1645 2234 quae

152 2248 210 2283 διὰ
248 2249 361 2295 μέσου
407 2247 554 2284 <licitur
601 2245 809 2296 (Villoison
856 2249 1003 2287 Anecd.
1044 2249 1100 2294 II,
1150 2264 1187 2300 p.
1230 2248 1322 2298 92),
1379 2253 1499 2289 etiam
1541 2254 1644 2303 apud

152 2316 307 2354 Graecos
338 2330 416 2353 non
448 2316 685 2365 infrequenS,
718 2319 763 2353 ut
793 2317 914 2355 Thuc.
942 2318 1011 2364 III,
1040 2321 1103 2365 68,
1141 2321 1185 2356 1:
1217 2320 1256 2355 τὸ
1288 2320 1374 2355 αὐτὸ
1407 2320 1465 2357 ἕνα
1498 2321 1645 2357 ἕκαστον

151 2387 425 2435 παραγαγόντες
456 2386 516 2422 καὶ
545 2388 745 2435 ἐρωτῶντες.
806 2386 870 2433 IV,
906 2388 970 2434 72,
998 2388 1038 2424 3:
1080 2388 1139 2423 τὸν
1161 2387 1350 2437 ἵππαρχον
1373 2418 1379 2424 .
1404 2418 1409 2423 .
1436 2419 1441 2423 .
1467 2392 1643 2438 προσελά-

151 2469 273 2497 σαντες
305 2455 338 2490 οἱ
371 2457 552 2500 ,Ἀθηναῖοι
589 2455 648 2490 καὶ
681 2454 948 2498 ἀποκτείναντες
980 2457 1204 2492 ἐσκύλευσαν.
1251 2456 1351 2494 Plat.
1375 2456 1575 2507 Protagor.
1602 2473 1640 2508 p.

152 2524 230 2561 335
249 2523 300 2560 E:
333 2525 401 2559 τῶν
432 2523 698 2572 δολιχοδρᾴαων
721 2539 767 2572 τῳ
792 2525 936 2561 διαθεῖν
958 2539 994 2560 τε
1018 2525 1076 2561 καὶ
1102 2524 1268 2560 ἕπεσθαι.
1322 2525 1534 2573 Antholog.
1557 2526 1640 2574 VII,

152 2592 249 2629 664:
292 2594 500 2641 ,Ἀρχίλοχον
533 2592 590 2628 καὶ
633 2595 746 2629 στᾶθι
776 2596 835 2629 καί
865 2594 982 2629 εἴσιδε.
1014 2593 1062 2630 al.
1100 2593 1146 2630 cf.
1180 2592 1364 2638 Heiberg.
1397 2594 1436 2630 in
1468 2593 1642 2632 Nordisk

149 2659 345 2697 Tidskrift
389 2660 414 2697 f.
455 2660 652 2709 Philologi
691 2676 727 2700 n.
768 2676 797 2700 s,
837 2661 915 2709 III,
961 2675 998 2711 p.
1037 2662 1112 2698 147
1150 2673 1233 2708 sqq.
1281 2679 1327 2683 —
1384 2662 1473 2699 100.
1515 2658 1639 2701 Bona

153 2723 359 2774 Fortuna,
398 2730 538 2777 Ayaffl,
573 2730 691 2775 Τύχη,
730 2734 812 2767 tam
845 2744 867 2767 a
897 2729 1053 2767 Latinis
1085 2741 1201 2777 quam
1232 2741 1254 2764 a
1285 2727 1430 2765 Graecis
1461 2730 1638 2779 adorata,

150 2795 196 2833 cf.
229 2795 306 2834 Cic.
340 2796 450 2834 Verr.
482 2796 547 2844 IV,
583 2799 616 2845 3,
651 2800 687 2836 7.
757 2799 937 2849 Inscript.
981 2796 1099 2834 Orell.
1145 2796 1263 2832 1744.
1298 2796 1418 2833 5787.
1453 2798 1634 2847 Wagner.
