1897 3171
170 202 213 245 V,
227 203 260 246 3,
277 203 410 237 38—49
820 203 1002 238 Curculio.
1577 209 1659 246 265

170 328 327 369 Libera
347 328 454 369 haec
478 332 555 379 est,
588 328 657 370 hic
681 328 808 370 huius
835 328 971 370 frater
988 333 1065 380 est,
1096 329 1203 371 haec
1222 334 1367 370 autem
1384 329 1501 371 illius
1520 343 1659 381 soror3

170 399 287 440 Haec
318 398 422 440 mihi
451 399 599 451 nubet,
640 405 687 441 tu
725 399 825 441 huic
856 405 1083 453 argentum
1114 401 1260 443 redde.
1330 401 1422 442 Hoc
1453 401 1660 442 iudicium

1120 477 1319 514 meumst.

658 558 1168 612 Therapontigonus

169 629 229 669 Tu
259 635 402 671 autem
426 630 469 671 in
493 644 628 671 neruo
653 630 739 671 iam
763 630 934 681 iacebis,
965 631 1050 672 nisi
1073 630 1178 671 mihi
1203 636 1429 682 argent-um
1448 631 1657 672 redditur.

771 724 1058 778 Cappadox

168 796 323 837 Hercle
355 797 485 838 istam
516 810 607 837 rem
637 796 842 838 iudicasti
874 796 1114 851 perfidiose,
1148 797 1429 838 Phaedrome.
1593 809 1659 841 “715

167 867 223 909 Et
252 868 333 909 tibi
364 867 516 919 oberit,
550 872 592 909 et
623 873 678 919 te,
711 868 845 919 miles,
880 869 922 910 di
955 869 1148 923 deaeque
1180 869 1403 923 perduint!

168 939 231 980 Tu
262 953 328 980 me
362 953 555 994 sequere.

658 1012 1168 1066 Therapontigonus

610 1082 702 1133 Quo
736 1098 895 1137 sequar
925 1086 996 1127 te‘?

768 1178 1058 1233 Cappadox

1051 1251 1117 1293 Ad
1148 1253 1408 1306 trapezitam
1440 1266 1593 1302 meum,

166 1321 228 1362 Ad
261 1327 523 1375 praetorem3
555 1337 655 1364 nam
684 1322 784 1364 inde
816 1337 906 1365 rem
940 1323 1062 1366 soluo
1089 1324 1298 1377 omnibus,
1323 1324 1481 1379 quibus
1508 1324 1656 1366 debeo.

655 1410 1167 1465 Therapontigonus

166 1480 256 1534 Ego
295 1484 337 1522 te
375 1482 419 1522 in
459 1495 658 1533 neruom,
703 1482 822 1524 haud
862 1483 917 1524 ad
956 1489 1202 1537 praetorem
1241 1485 1341 1526 hinc
1380 1485 1566 1538 rapiam,
1613 1486 1658 1526 ni

1115 1562 1340 1610 argentum
1370 1557 1519 1599 refers.

766 1624 1057 1680 Cappadox

165 1696 254 1749 Ego
286 1700 329 1738 te
361 1696 640 1738 uehementer
671 1700 812 1751 perire
845 1700 985 1753 cupio,
1017 1714 1068 1741 ne
1101 1705 1149 1742 tu
1179 1702 1363 1742 nescias.
1591 1714 1658 1747 720

654 1792 1165 1848 Therapontigonus

162 1863 285 1904 Itane
317 1863 450 1904 uero‘?

764 1936 1053 1992 Cappadox

492 2007 560 2048 Ita
591 2008 736 2050 hercle
768 2023 888 2051 uero.

652 2102 1167 2159 Therapontigonus

964 2178 1077 2220 Noui
1108 2192 1185 2232 ego
1218 2178 1296 2221 hos
1328 2194 1494 2233 pugnos
1527 2194 1654 2221 meos.

763 2262 1054 2318 Cappadox

163 2329 274 2380 Quid
306 2333 425 2372 tum?

651 2406 1164 2462 Therapontigonus

325 2474 436 2525 Quid
467 2480 571 2527 tum,
603 2479 796 2531 rogitas?
859 2479 987 2521 Hisce
1020 2495 1112 2534 ego,
1146 2483 1181 2523 si
1213 2487 1261 2524 tu
1293 2497 1359 2524 me
1392 2483 1652 2532 inritaueris,

160 2545 385 2588 Placidum
415 2551 458 2589 te
491 2548 621 2591 hodie
652 2551 845 2592 reddam.

252 2718 318 2749 712
344 2717 481 2752 Libera
506 2719 586 2752 haec
613 2723 669 2754 est
694 2722 786 2756 item.
868 2724 933 2757 713
959 2723 1047 2758 Haec
1072 2723 1162 2756 mihi
1187 2723 1302 2757 nubet
1327 2724 1417 2758 item.
1495 2725 1653 2759 715—18

160 2773 275 2807 tribus
303 2774 474 2809 uersibus.
558 2777 624 2810 716
648 2777 822 2821 perdiunt
912 2781 978 2813 719
1003 2789 1117 2814 neruo
1202 2781 1268 2813 720
1293 2791 1337 2814 ne
1364 2784 1403 2814 tu
1427 2793 1485 2816 me
1510 2782 1652 2818 nescias
