1897 3171
750 218 793 253 V.
820 219 1009 253 806—874.
1544 219 1624 259 429

139 345 415 386 exanimales“.
460 367 516 373 —
568 348 661 386 844.
715 343 950 385 exheredem
994 360 1072 384 non
1116 348 1364 397 patrimonii,
1420 347 1488 385 sed
1533 347 1626 385 vitae

138 416 252 463 facit,
307 415 374 465 qui
419 416 589 465 aliquem
634 416 716 452 vita
768 415 925 465 privat,
989 415 1129 463 „bonis
1183 415 1415 453 exheredem
1469 413 1620 453 facere“

137 484 282 531 legitur
321 483 429 521 Most
460 484 559 530 229,
606 483 653 520 cf.
705 480 865 530 „heres“
915 482 1020 521 Men.
1064 484 1157 521 466.
1204 503 1259 507 —
1305 485 1398 521 845.
1445 481 1627 522 minatur

138 551 271 599 codd,
323 548 577 598 „minitatur⁴‘
627 550 775 589 Camer.
821 550 880 589 Fl.
927 571 983 576 —
1039 551 1131 588 846.
1182 548 1344 601 quicum
1382 551 1461 598 Fl.,
1508 553 1625 602 vulgo

141 617 356 669 „quacum“
400 639 456 644 —
502 620 594 657 847.
640 619 744 657 Ante
784 615 948 657 obsecro
978 619 1132 666 hiatur,
1181 620 1227 656 cf.
1269 621 1362 657 723.
1402 619 1538 668 Pylad.
1578 620 1624 658 R.

137 687 196 724 Fl.
240 687 448 737 „Nuptane
487 685 590 734 est“;
639 687 787 725 Camer.
834 687 991 737 „Nupta
1031 690 1092 724 est
1132 685 1290 724 illane“.
1327 707 1384 712 —
1433 689 1524 725 851.
1571 686 1629 726 sit

137 768 224 792 cum
254 755 312 793 Fl.
345 756 498 806 scripsi.
558 755 604 794 R.
645 769 731 794 cum
762 756 895 793 Herm.
933 753 1051 805 „ego“
1095 755 1235 793 omisit.
1275 775 1329 780 —-
1369 757 1462 793 855.
1510 752 1626 794 ambo

136 822 180 861 ut
222 833 381 870 necem3
428 824 475 861 cf.
525 825 618 862 913.
707 824 969 872 „Adulterum
1016 837 1101 860 cum
1148 822 1329 860 adultera
1375 824 1442 872 qui
1488 823 1626 873 depre-

136 891 329 938 henderit,
363 891 454 929 dum
485 894 698 941 utrumque
729 905 871 942 corpus
903 891 1127 938 interficiat,
1160 892 1242 928 sine
1273 890 1411 928 fraude
1443 889 1532 938 sit“,
1564 891 1627 928 lex

135 959 190 996 ait
227 960 504 997 controversiae
543 963 693 1009 quartae
732 960 887 998 Senecae
930 960 1214 1010 suprascripta.
1288 960 1426 1008 Itaque
1460 962 1499 996 et
1529 959 1626 996 Dra-

137 1027 244 1064 conis
274 1027 427 1077 legibus
459 1031 637 1065 sanctum
669 1032 754 1065 erat
788 1026 919 1075 (Paus.
945 1027 1013 1074 IX,
1043 1029 1105 1075 36,
1141 1025 1180 1074 8)
1214 1031 1253 1065 et
1283 1028 1456 1076 antiquis
1487 1027 1626 1065 Roma-

134 1108 272 1132 norum
303 1096 509 1143 institutis,
541 1095 619 1134 vid.
647 1095 744 1133 Cato
769 1110 831 1147 ap.
858 1096 957 1134 Gell.
985 1096 1033 1142 X,
1069 1097 1133 1143 23,
1169 1097 1204 1133 5.
1265 1095 1358 1133 Hor.
1392 1095 1473 1133 Sat.
1506 1095 1555 1142 ΙΙ,
1591 1098 1625 1142 7,

138 1165 202 1201 62.
271 1162 347 1201 Sed
392 1164 623 1214 plerumque
669 1164 836 1214 pecunia
879 1164 1194 1212 transigebatur,
1243 1164 1290 1201 cf.
1338 1163 1538 1201 Demosth.
1588 1165 1627 1200 in

134 1231 312 1269 Neaeram
345 1232 394 1269 41
430 1235 468 1269 et
502 1233 565 1270 65.
641 1232 753 1278 Quod
786 1236 918 1270 autem
949 1234 1108 1282 proprie
1139 1234 1180 1269 in
1211 1245 1371 1270 uxorem
1402 1233 1499 1269 iuris
1531 1235 1625 1279 erat,

134 1299 176 1336 id
207 1300 327 1337 etiam
357 1301 398 1338 in
430 1300 685 1338 concubinam
725 1300 1059 1347 transferebatur,
1103 1314 1188 1350 quae
1228 1301 1362 1337 uxoris
1402 1301 1488 1337 loco
1530 1304 1626 1338 erat.

135 1388 190 1392 —
222 1369 314 1406 859.
356 1366 457 1418 faxo
499 1365 620 1407 dicat.
682 1368 815 1406 Herm.
854 1366 1023 1415 .,dicet“,
1064 1367 1142 1406 vid.
1176 1368 1226 1405 ad
1265 1368 1406 1418 Amph.
1441 1368 1533 1405 351.
1574 1387 1629 1392 —

136 1436 229 1474 861.
264 1431 402 1474 Potes.
435 1436 494 1474 Fl.
523 1435 699 1485 „Potis“,
733 1441 771 1474 et
800 1450 890 1474 mox
918 1435 1125 1483 ‚‚Pacisce⁴·
1157 1449 1242 1473 cum
1266 1436 1382 1473 Both.
1409 1436 1468 1483 R,
1502 1437 1629 1473 activa

134 1504 274 1551 forma,
314 1517 430 1553 quam
461 1517 509 1542 ex
539 1504 675 1543 Naevio
706 1504 820 1542 affert
849 1504 998 1542 Nonius
1031 1518 1067 1554 p.
1101 1505 1203 1551 474,
1245 1517 1330 1553 quae
1370 1503 1474 1553 quod
1512 1504 1628 1541 etiam

135 1586 172 1610 v.
200 1574 278 1610 866
310 1574 351 1609 in
382 1572 413 1609 B
447 1586 496 1610 m.
520 1586 580 1623 pr.
606 1573 761 1621 legitur,
795 1573 956 1610 incuriae
987 1572 1143 1609 librarii
1173 1571 1427 1609 tribuendum
1457 1572 1627 1609 videtur.

136 1650 303 1690 —eryo
334 1641 504 1691 priorem
536 1642 711 1691 corripit,
743 1655 779 1678 v.
804 1640 924 1678 Proll.
950 1653 987 1689 p.
1018 1641 1110 1678 204.
1141 1661 1195 1664 —
1227 1637 1336 1689 quod
1366 1640 1501 1677 Lamb.
1534 1653 1629 1686 em.;

136 1708 288 1746 Acidal.
312 1721 412 1758 „quo
437 1709 498 1746 vel
524 1707 631 1758 qui“,
665 1713 704 1746 et
730 1710 809 1747 866
832 1706 1027 1758 „quiuis“.
1067 1708 1212 1745 Verum
1230 1708 1394 1745 Plautus
1419 1711 1629 1757 utrumque

138 1776 248 1823 dixit,
275 1780 314 1814 et
337 1777 501 1826 pascisci
526 1779 655 1827 pretio
682 1777 815 1827 aliquo
842 1790 923 1813 rem
951 1775 1003 1823 (v.
1032 1777 1125 1824 860,
1154 1778 1246 1823 865,
1275 1774 1371 1822 874)
1399 1780 1437 1813 et
1461 1777 1630 1824 pretium

136 1845 283 1895 pacisci
331 1842 426 1892 (861
470 1848 508 1882 et
547 1843 640 1892 66),
688 1845 793 1894 quod
832 1844 938 1894 apud
977 1845 1218 1894 posteriores
1257 1845 1414 1881 mansit.
1446 1864 1503 1868 —
1535 1845 1629 1881 864.

138 1909 358 1951 exsorbebo
384 1910 545 1962 oppido,
571 1926 733 1962 prorsus
758 1913 948 1950 hauriam.
968 1932 1021 1937 —
1041 1913 1133 1951 865.
1166 1908 1262 1960 Em,
1295 1908 1390 1949 illoc
1408 1910 1629 1960 paciscere,

137 1979 177 2019 Si
193 1981 328 2028 codd.;
360 1981 406 2018 R.
427 1980 548 2029 „Cum
564 1982 658 2019 illoc
673 1982 837 2032 pacisce,
865 1979 936 2028 si“,
960 1984 997 2017 et
1024 1981 1106 2018 haec
1124 1980 1245 2018 verba
1262 1980 1454 2018 Nicobulo
1477 1980 1630 2026 tribuit,

139 2049 257 2087 credo
290 2050 382 2099 quia
412 2049 601 2099 Chrysalo
632 2053 723 2098 post
752 2063 788 2087 v.
823 2050 899 2086 861
934 2062 1010 2085 non
1042 2049 1301 2096 conveniunt,
1335 2047 1403 2085 sed
1434 2061 1483 2084 ne
1514 2047 1631 2085 Nico-

137 2117 231 2155 bulo
276 2117 435 2167 quidem
482 2119 729 2156 conveniunt.
820 2117 1002 2154 Gertzius
1054 2120 1158 2153 recte
1212 2115 1456 2153 emendavit:
1517 2116 1632 2162 „illoc

138 2185 303 2235 pascisci
333 2198 414 2222 rem
444 2184 598 2236 potes“,
632 2185 680 2224 cf.
712 2199 749 2224 v.
778 2186 871 2224 874.
896 2205 952 2209 —
985 2186 1077 2223 870.
1110 2180 1248 2234 Atque
1278 2184 1327 2221 ut
1356 2188 1428 2221 etc.
1475 2178 1632 2234 {Novam

140 2242 412 2291 condic-ionem
457 2254 587 2301 addit,
634 2258 679 2291 ut
724 2254 799 2291 sibi
845 2254 960 2291 liceat
1005 2254 1040 2290 ei
1084 2252 1337 2290 vehementer
1384 2252 1630 2289 maledicere.

139 2320 281 2359 Pseud.
316 2322 416 2359 359:
453 2321 617 2370 „Ingere
647 2322 749 2359 mala
778 2319 943 2358 multa“.
990 2321 1098 2358 Asin.
1133 2322 1227 2359 918.
1275 2320 1361 2358 Ter.
1388 2320 1509 2357 Andr.
1539 2319 1630 2356 640.

141 2408 197 2413 —
228 2389 321 2426 871.
362 2384 416 2427 Ut
437 2386 727 2428 subblanditur
751 2386 975 2439 carnufex!
1019 2389 1213 2426 Nicobulo
1240 2389 1294 2425 sic
1319 2388 1486 2433 videtur,
1514 2400 1632 2436 quum

140 2457 263 2494 verba
294 2457 375 2494 eius
405 2470 484 2494 non
516 2457 663 2495 audiat.
718 2457 868 2494 Ritsch.
894 2456 1118 2494 Acidalium
1151 2460 1305 2493 secutus
1337 2455 1418 2492 haec
1443 2454 1632 2503 Chrysalo

139 2524 281 2562 tribuit
307 2526 419 2574 quasi
444 2538 573 2563 secum
590 2525 637 2563 de
662 2525 788 2562 milite
813 2525 1002 2575 loquenti,
1031 2525 1142 2561 male.
1160 2543 1211 2548 —
1235 2524 1326 2561 873.
1361 2519 1531 2560 uerbum
1554 2523 1579 2560 i.
1600 2536 1631 2559 e.

141 2592 362 2640 verborum,
395 2596 439 2631 ut
468 2594 614 2643 legitur
645 2592 757 2643 Capt.
790 2594 888 2640 125;
921 2593 967 2631 cf.
994 2592 1094 2630 Rud.
1125 2592 1224 2628 866:
1262 2590 1329 2636 „In
1360 2591 1446 2626 iure
1477 2603 1633 2626 causam

143 2660 285 2707 dicit03
309 2660 374 2699 hic
389 2661 554 2699 uerbum
575 2664 638 2699 sat
656 2658 754 2699 est“.
787 2661 901 2699 Truc.
923 2661 1024 2699 634:
1057 2659 1251 2708 „Sequere
1268 2670 1328 2694 me
1347 2657 1440 2703 hac,
1467 2657 1632 2694 uerbum

144 2732 205 2766 sat
242 2727 339 2767 est“.
377 2749 433 2754 --
474 2730 567 2767 874.
614 2726 722 2779 Quid
757 2725 839 2777 fit?
883 2742 919 2767 v.
952 2728 1001 2766 ad
1042 2728 1134 2764 624.
1173 2745 1230 2751 —
1282 2720 1372 2764 Uala
1409 2725 1633 2762 interiectio

143 2797 324 2835 mirantis
370 2801 439 2835 aut
483 2797 731 2835 abhorrentis
775 2800 851 2843 est,
905 2797 953 2834 cf.
993 2795 1110 2832 Most.
1154 2794 1252 2839 6293
1315 2793 1403 2830 huic
1441 2793 1527 2830 loco
1566 2788 1635 2829 Alc
