1854 3188
199 173 227 216 I,
245 175 274 216 1,
289 173 400 207 5—15
842 173 1054 209 Bacchides.
1637 179 1689 218 63

790 298 1018 341 Bacchis
1049 298 1096 340 A.

202 369 391 426 Sequere
421 369 514 412 hac.

779 441 1117 484 Pistoclerus

389 511 502 562 Quid
532 517 666 566 agunt
697 513 808 556 duae
841 527 1073 568 germanae
1105 514 1354 556 meretrices
1386 515 1686 569 cognomines?

200 583 313 635 Quid
342 585 386 626 in
418 584 595 627 consilio
628 585 939 627 consuluistis?

792 664 1022 706 Bacchis
1053 665 1101 706 A.

943 736 1075 779 Bene.

774 831 1111 873 Pistoclerus

1082 903 1161 945 Pol
1192 902 1309 945 haud
1339 903 1688 946 meretriciumst.

789 981 1018 1024 Bacchis
1050 983 1098 1024 A.

199 1053 402 1096 Miserius
432 1053 539 1095 nihil
571 1058 636 1096 est
667 1068 796 1109 quam
826 1054 994 1096 mulier.

774 1141 830 1183 Pi
845 1156 863 1183 s
873 1146 891 1183 t
901 1156 924 1183 o
937 1141 983 1182 01
996 1156 1017 1183 e
1027 1156 1049 1182 r
1059 1157 1087 1183 u
1099 1155 1118 1183 s

1048 1213 1160 1263 Quid
1192 1228 1284 1256 esse
1317 1214 1425 1256 dicis
1457 1213 1659 1268 dignius?

786 1299 1012 1342 Bacchis
1045 1301 1093 1342 A.

195 1372 315 1414 Haec
352 1372 417 1414 ita
455 1385 522 1414 me
561 1376 676 1423 orat,
724 1372 806 1414 sibi
846 1373 921 1426 qui
960 1378 1115 1415 caueat
1155 1373 1344 1426 aliquem
1383 1377 1433 1415 ut
1471 1373 1688 1416 hominem

1146 1445 1361 1499 reperiam
1643 1453 1688 1486 40

192 1516 258 1558 Ab
282 1516 394 1558 istoc
417 1516 566 1567 milite,
593 1521 652 1568 ut,
677 1516 753 1558 ubi
770 1518 995 1558 emeritum
1021 1517 1103 1559 sibi
1128 1518 1195 1569 sit,
1230 1531 1275 1559 se
1293 1515 1476 1559 reuehat
1494 1515 1680 1557 domum.

188 1587 251 1638 Id⁷
284 1588 438 1631 amabo
470 1592 526 1640 tes,
559 1588 659 1630 huic
691 1602 858 1631 caueas.

769 1676 915 1718 Pisto
928 1677 1071 1718 oleru
1083 1691 1100 1717 s

763 1746 874 1798 Quid
904 1749 977 1790 isti
1009 1748 1219 1790 caueam?

783 1835 1012 1878 Bacchis
1044 1836 1092 1877 A.

1134 1907 1193 1949 Ut.
1223 1907 1461 1948 reuehatur
1492 1906 1681 1956 domum,

186 1976 272 2019 Ubi
305 1978 344 2019 ei
376 1978 543 2021 dederit
576 1993 744 2034 operas,
775 1994 829 2021 ne
862 1980 972 2021 hanc
1004 1980 1077 2021 ille
1108 1980 1269 2021 habeat
1299 1993 1377 2034 pro
1404 1978 1562 2020 ancilla
1586 1977 1680 2019 sibi.

186 2049 298 2091 Nam
322 2051 358 2092 si
382 2050 489 2092 haec
515 2051 677 2093 habeat
695 2066 860 2103 aurum,
880 2052 994 2105 quod
1010 2052 1075 2093 1111
1092 2056 1349 2103 renumeret,
1366 2051 1499 2092 faciat
1514 2049 1679 2092 lubens.

760 2138 1108 2182 Pistoclerus

186 2208 272 2251 Ubi
301 2224 414 2251 nunc
445 2210 481 2252 is
511 2210 712 2252 homost?

776 2305 1006 2347 Bacchis
1037 2307 1085 2347 A.

326 2376 418 2418 Iam
434 2376 516 2428 hic,
536 2377 678 2428 credo,
697 2377 849 2419 aderit.
885 2377 967 2419 Sed
984 2378 1063 2419 hoc
1082 2378 1197 2420 idem
1215 2378 1333 2432 apud
1350 2391 1427 2419 nos
1444 2376 1605 2418 recssius
1636 2386 1680 2419 45

146 2505 149 2507 ‚
183 2447 351 2490 Poteris
384 2462 532 2503 agere,
566 2455 697 2504 atque
729 2451 765 2491 is
799 2450 902 2491 dum
932 2451 1092 2494 ueniat,
1136 2451 1287 2491 sedens
1319 2451 1378 2492 ibi
1412 2448 1677 2503 opperibere.

184 2520 350 2562 Eadem
380 2521 554 2567 biberis,
588 2521 738 2563 eadem
770 2522 932 2563 dedero
965 2522 1060 2573 tibi,
1094 2523 1167 2564 ubi
1199 2522 1371 2573 biberis,
1405 2521 1586 2562 sanium.

274 2690 318 2723 38
343 2690 502 2723 concilio
604 2692 645 2723 41
671 2690 722 2725 Ut
746 2691 868 2725 istoch
894 2691 1049 2726 militem
1120 2703 1184 2725 seu
1288 2691 1331 2724 43
1358 2689 1542 2724 dediderit,
1634 2691 1679 2723 44

181 2745 272 2780 haec
299 2746 329 2779 si
353 2746 388 2780 B
480 2748 523 2780 46
549 2747 662 2782 credo
690 2747 809 2783 aderit
833 2747 892 2782 hic
916 2748 951 2782 B
1282 2770 1287 2774 ·
