1897 3171
768 187 812 221 V.
842 189 1030 222 213-246.
1565 193 1644 234 393

151 317 417 369 comparandi.
449 337 505 342 —
537 319 630 355 227.
664 313 907 365 Pllilvppmn
937 317 1054 354 Both.
1089 331 1174 365 em.‚
1206 322 1251 356 ut
1280 332 1316 356 v.
1351 321 1452 366 2703
1495 320 1645 358 Ritsch.

155 382 380 434 „tulimus“,
424 384 494 423 sed
517 385 702 423 Plautina
740 385 907 435 perfecti
937 385 1064 422 forma
1095 389 1154 423 est
1181 386 1360 434 „tetu1i“,
1401 392 1444 424 ut
1473 388 1646 425 animad-

149 455 270 493 vertit
301 452 493 503 Seyffert„
527 453 639 492 stud.
666 467 703 503 p.
733 456 769 500 7,
811 455 878 504 qui
910 453 959 490 ad
990 452 1088 490 illud
1118 453 1353 492 firmandum
1385 457 1502 493 etiam
1534 456 1648 494 affert

149 523 316 560 Varron.
350 535 411 571 ap.
444 521 543 559 Gell.
575 521 605 569 I,
641 522 709 568 16,
745 523 789 559 3:
848 522 962 572 „plus
1000 521 1107 558 mille
1148 525 1187 559 et
1227 526 1381 560 centum
1414 522 1645 563 annorum“.

148 611 205 616 —
223 591 316 628 230.
343 585 399 629 Ut
414 590 638 627 emendavit
654 589 804 628 Ritsch.
823 610 875 615 —
896 591 988 627 231.
1015 587 1203 639 Quinam,
1222 590 1303 628 vid.
1325 590 1373 627 ad
1389 592 1530 641 Amph.
1554 594 1646 630 127.

266 659 359 697 232.
391 658 610 696 Nicobulus
637 659 728 706 exit,
762 662 879 709 pater
894 658 1140 705 Mnesilochi,
1174 658 1220 695 de
1245 659 1361 709 longa
1380 658 1451 696 filii
1469 660 1649 698 absentia

150 726 354 764 sollicitus.
431 725 471 763 Si
510 739 645 764 versus
685 728 839 775 integer
879 730 957 773 est,
1004 730 1094 776 post
1133 723 1269 764 uisam
1308 727 1451 765 hiatur.
1513 728 1645 766 Herm.

154 792 437 844 „ecquaenam“
474 795 642 844 scripsit,
674 795 847 841 Mffller„
879 795 1041 833 Nachtr.
1068 808 1107 844 p.
1136 796 1234 832 122:
1272 808 1341 841 „eo
1375 795 1560 845 ecquae‘⁵.
1597 817 1646 821 —

151 863 244 900 234.
282 860 487 913 formidat
523 876 609 899 cum
648 864 870 900 accusativo
912 876 997 900 cum
1036 859 1232 900 infinitivo
1271 876 1343 913 pro
1388 862 1541 912 „quod“
1581 862 1646 912 (cf.

148 931 282 969 Madv.
315 930 382 969 Gr.
414 930 459 967 L.
496 928 614 978 397),
654 935 698 968 ut
728 931 811 969 Mil.
849 932 977 969 1278:
1031 944 1193 978 „uerear
1231 932 1355 979 magis
1395 932 1460 968 Me
1504 935 1648 970 amoris

150 1013 266 1037 causa
309 999 382 1036 hoc
429 1002 570 1036 orna-tu
615 997 837 1038 incede1·e“.
914 999 1026 1049 Capt.
1069 1000 1160 1037 595.
1238 999 1324 1037 Ter.
1365 1000 1508 1038 Heaut.
1545 1002 1646 1038 673:

155 1068 333 1114 „crucior
368 1067 502 1104 bolum
543 1067 639 1104 mihi
677 1072 831 1105 tantum
863 1071 1082 1116 εει-0111111112
1116 1068 1219 1104 infra
1251 1068 1344 1105 432.
1408 1068 1518 1106 Curc.
1554 1070 1647 1107 337.

151 1135 270 1174 Poen.
305 1135 406 1173 774:
458 1134 542 1182 „his
585 1135 787 1172 cerebrum
826 1137 958 1173 uritur
989 1136 1053 1173 Me
1094 1149 1178 1173 esse
1217 1136 1288 1173 hos
1325 1140 1524 1174 trecentos
1555 1137 1648 1174 Phi-

148 1204 282 1254 lippos
313 1204 508 1241 facturum
540 1202 681 1241 lucri“.
728 1204 884 1241 Trucul.
919 1205 1018 1241 732:
1057 1204 1259 1252 „inuidere
1291 1205 1358 1241 alii
1390 1204 1489 1241 bene
1522 1203 1648 1242 esse“.

148 1272 258 1310 Asin.
293 1272 387 1309 465.
421 1291 470 1296 -
507 1272 600 1310 235.
635 1268 844 1319 desidere,
878 1274 1054 1322 0110311111
1075 1285 1234 1318 manere
1281 1273 1327 1309 cf.
1356 1272 1497 1310 Pseud.
1521 1274 1647 1311 1045:

156 1339 284 1387 „Quid
314 1343 359 1377 tu
388 1340 508 1386 intus,
543 1323 700 1389 quaeso,
734 1340 924 1378 desedisti
954 1345 1036 1378 tam
1068 1339 1176 1378 diu‘''.
1239 1340 1327 1377 Ter.
1354 1341 1447 1378 Hec.
1476 1342 1569 1379 800.
1595 1361 1650 1366 -

151 1408 358 1445 236—39.
389 1407 482 1444 Haec
514 1407 724 1457 Chrysalus
759 1422 900 1447 secum.
959 1406 1180 1456 Extexam,
1208 1409 1397 1459 spoliabo.
1454 1409 1649 1447 Extexere

152 1473 269 1523 (ἅπαξ
291 1473 498 1526 λεγόμενον)
533 1480 591 1513 est
622 1477 767 1523 „telam
799 1490 869 1514 sua
893 1480 1054 1514 textura
1079 1481 1147 1515 aut
1172 1477 1262 1514 lana
1287 1474 1476 1524 nudare“,
1510 1477 1648 1516 Lamb.

148 1563 204 1568 —
223 1545 316 1581 239.
346 1543 584 1581 Emendavit
601 1544 794 1582 G1·0sslot.
820 1546 860 1582 in
884 1558 1008 1594 marg.
1036 1545 1158 1583 Dous.
1183 1545 1379 1593 „Divitem
1405 1559 1536 1583 senem
1563 1559 1649 1583 cum

152 1608 303 1650 Phrixi
319 1609 444 1650 ariete
462 1616 676 1662 comparat,
697 1614 806 1650 cuius
824 1627 983 1651 aureum
1001 1614 1125 1651 vellus
1142 1614 1311 1651 Phrixus
1328 1613 1454 1651 AEetae
1473 1614 1647 1652 donavit.

148 1680 222 1717 Hic
254 1681 350 1729 quin
380 1693 518 1717 aurum
550 1694 664 1718 omne
695 1681 787 1719 inde
819 1681 1060 1728 detraxerit,
1109 1682 1321 1731 Chrysalus
1360 1695 1437 1718 non
1479 1682 1647 1729 dubitat,

149 1751 189 1785 et
220 1748 476 1786 similitudine
507 1762 600 1786 usus
630 1751 672 1786 in
703 1749 777 1787 hac
807 1764 848 1787 re
872 1751 1027 1798 vulgari
1060 1751 1122 1797 (cf.
1150 1751 1253 1786 infra
1281 1751 1400 1787 1092.
1438 1752 1543 1788 1125
1563 1764 1648 1800 sqq.

151 1816 262 1867 capt.
297 1814 395 1864 265)
429 1817 484 1853 ait
516 1830 556 1854 se
587 1817 725 1854 eodem
757 1818 873 1855 modo
905 1831 1034 1855 senem
1076 1815 1365 1864 defonszc‘rum,
1409 1822 1447 1854 et
1489 1819 1650 1867 quidem

148 1894 278 1934 usque
309 1882 365 1923 ad
391 1882 534 1922 uiuam
567 1886 707 1932 antem,
740 1887 765 1924 i.
785 1900 817 1924 e.
842 1891 887 1923 ut
918 1887 1023 1924 nuda
1055 1887 1156 1923 cutis
1189 1885 1477 1936 relinquatur‘'.
1510 1887 1647 1925 Lamb.

263 1953 357 1990 241.
406 1949 549 1991 mihist
578 1955 888 2003 monosyllabum
928 1958 999 1992 est.
1030 1975 1086 1979 —
1119 1955 1212 1992 242.
1259 1954 1497 1992 Ritschelius
1529 1969 1649 2005 spon-

149 2021 299 2058 daicam
330 2034 463 2058 vocem
493 2022 533 2058 in
565 2023 736 2060 secundo
769 2023 914 2060 senarii
944 2023 1045 2073 pede
1075 2036 1153 2060 non
1185 2022 1314 2059 ferens
1351 2023 1541 2069 „salutem
1569 2024 1649 2073 pri-

148 2087 278 2126 mum“
314 2089 374 2127 ed.
406 2109 462 2114 —
495 2091 588 2128 243.
638 2086 772 2139 Uim&
807 2091 853 2129 cf.
891 2092 982 2129 186.
1014 2111 1070 2116 —
1104 2092 1196 2128 244.
1236 2087 1384 2139 Εῑιαχ,
1424 2092 1648 2129 interiectio

150 2157 378 2205 gaudentis,
411 2157 458 2195 cf.
491 2158 596 2196 Men.
634 2160 731 2196 127:
785 2159 931 2206 „EuaX,
972 2161 1101 2209 iurgio
1132 2159 1263 2197 hercle
1294 2159 1454 2196 tandem
1484 2173 1649 2196 uxorem

151 2226 261 2275 abegi
293 2225 340 2262 ab
372 2223 528 2273 ianua“,
563 2240 679 2275 quem
703 2227 832 2264 locum
857 2227 982 2265 Varro
1007 2227 1051 2265 L.
1077 2227 1121 2265 L.
1144 2227 1230 2274 VII,
1257 2228 1307 2264 93
1336 2227 1449 2264 affert
1476 2227 1646 2264 addens:

154 2293 291 2342 „Euax
327 2294 492 2331 verbum
530 2295 629 2331 nihil
659 2295 876 2343 significat,
925 2295 995 2333 sed
1034 2295 1245 2333 effutitium
1276 2296 1514 2332 naturaliter
1546 2293 1647 2333 est“.

151 2361 207 2400 Cf.
240 2362 344 2399 infra
375 2363 469 2400 721.
532 2362 643 2401 Cure.
686 2365 751 2401 98.
814 2363 941 2402 Casin.
984 2365 1078 2401 777.
1124 2384 1180 2389 —
1226 2361 1444 2412 aspersisti
1487 2373 1648 2412 aquam,

151 2431 263 2480 quasi
302 2430 511 2467 deficienti.
579 2430 707 2468 Affert
746 2431 948 2469 Charisius
986 2445 1024 2481 p.
1067 2433 1146 2470 240
1186 2432 1234 2469 K.
1282 2431 1388 2468 cum'
1412 2431 1648 2480 glossemate

153 2498 234 2546 „fili
265 2496 447 2536 nuntio“.
492 2498 639 2536 Addit:
677 2500 850 2546 „Ennius
883 2514 1061 2551 quoque:
1094 2501 1247 2550 Aquast
1272 2512 1430 2548 aspersa
1454 2497 1647 2537 Latinis“.

151 2566 208 2604 Cf.
241 2567 291 2604 ad
321 2567 463 2616 Amph.
502 2568 621 2605 1074.
653 2587 709 2593 —-
742 2569 835 2607 245.
881 2569 1111 2607 Pancratice
1153 2572 1271 2617 atque
1303 2563 1509 2613 athletice,
1557 2568 1581 2604 i.
1615 2580 1647 2605 e.

150 2636 430 2687 pancratiastae
470 2639 509 2672 et
548 2635 704 2673 athletae
743 2637 881 2684 modo,
925 2637 971 2675 cf.
1005 2637 1121 2686 Epid.
1157 2637 1232 2673 21:
1291 2634 1433 2682 „Ualet
1472 2635 1648 2684 pugilice

149 2706 269 2752 atque
301 2701 529 2741 athletice“.
562 2723 617 2729 —
649 2705 741 2742 246.
780 2701 889 2754 Quid
917 2701 1000 2751 hoc,
1035 2715 1114 2754 qna
1145 2713 1282 2749 causa,
1317 2703 1364 2740 ef.
1391 2703 1477 2740 Ter.
1506 2703 1647 2740 Heaut.
