1897 3171
231 196 310 233 282
876 192 1074 226 Aulularia,

231 322 360 367 animi,
395 322 441 358 cf.
476 322 568 359 (334.
601 321 717 370 Epid.
751 322 843 360 471.
877 322 961 359 Mil.
995 323 1087 359 436.
1125 322 1259 359 Cicero
1291 321 1341 359 ad
1363 322 1484 360 Attio.
1510 322 1576 369 IV,
1611 324 1646 369 6,
1681 323 1717 359 3:

235 390 407 438 „Videor
451 389 572 427 stulte
618 390 722 427 illius
770 391 883 427 amici
924 391 1199 439 intemperiem
1237 403 1314 427 non
1353 388 1533 428 tulisse“.
1567 409 1621 414 -—-
1652 391 1717 427 72.

231 455 446 505 interdius,
478 471 513 495 V.
544 458 653 495 Asin.
689 460 781 496 592.
814 479 868 484 --
901 460 964 496 73.
1009 455 1181 497 claudus
1209 459 1336 497 sutor.
1392 458 1553 496 Sutores
1585 457 1719 495 seden—

229 527 325 564 tarii
356 529 458 573 sunt,
490 539 527 564 v.
563 528 654 573 505,
688 540 808 576 quare
840 540 941 577 saepe
973 527 1102 564 claudi
1134 527 1312 564 homines
1343 530 1497 564 sutores
1527 525 1638 564 fiunt.
1665 546 1721 550 —

233 597 297 632 75.
323 592 542 643 partitudo
573 597 597 632 i.
631 608 663 632 e.
695 598 848 644 partus,
882 596 929 633 cf.
964 597 1066 643 2683
1098 598 1310 645 utrumque
1341 596 1468 632 locum
1500 594 1615 632 affert
1643 594 1720 631 No·

232 667 318 703 nius
348 678 386 714 p.
421 665 513 701 217.
547 683 601 687 —
627 661 865 713 propinqua
897 661 1062 712 adpetit,
1095 665 1118 702 i.
1152 677 1183 701 e.
1215 677 1339 714 prope
1371 663 1539 711 accedit,
1581 675 1722 713 appro-

231 735 412 784 pinquat.
434 752 486 755 —
505 733 554 768 77
574 746 631 781 sq.
658 742 708 769 ex
738 733 778 769 in
803 732 833 768 B
864 732 913 769 ab
944 733 1057 770 initio
1089 734 1273 770 omissum
1305 732 1453 779 eadem,
1480 735 1525 769 ut
1550 731 1721 778 uidetur,

232 815 349 839 manu
381 802 694 850 suprascriptum
726 804 795 838 est.
816 820 872 825 —
897 798 1062 851 {onyam
1090 802 1183 839 olim
1212 801 1470 838 emendatum.
1533 799 1723 849 Staphyla

232 873 374 908 iterum
405 869 477 906 sibi
509 868 668 915 suadet,
710 872 754 905 ut
792 883 832 906 se
874 870 1106 920 suspendat,
1148 884 1227 907 rem
1259 883 1336 906 non
1367 869 1603 915 inauditam,
1643 867 1721 905 vid.

232 938 428 987 Theophr.
448 937 562 975 Char.
587 939 654 974 12:
683 938 739 973 καὶ
758 938 866 974 αὑτοῦ
889 953 974 974 ποτε
998 942 1082 980 παῖς
1108 940 1197 974 οὕτω
1222 939 1361 988 πληγὰς
1385 939 1501 986 λαβὼν
1525 937 1722 987 ἀπήγξατο.

233 1006 445 1044 Pendentis
476 1007 642 1055 species,
691 1020 809 1056 quum
848 1008 959 1056 quasi
996 1021 1112 1044 unam
1152 1008 1310 1055 longam
1350 1007 1495 1044 lineam
1527 1005 1722 1052 exhibeat,

234 1090 319 1113 cum
348 1077 430 1112 iota
461 1078 726 1124 comparatur,
760 1075 865 1124 quod
896 1077 988 1125 quia
1019 1076 1104 1113 sola
1134 1076 1380 1126 longitudine
1412 1078 1605 1122 censetur,
1638 1075 1724 1111 iure

236 1146 278 1193 „1
308 1141 489 1193 1011311111α
526 1142 690 1191 dicitur,
732 1147 777 1181 ut
813 1145 959 1182 Auson.
992 1145 1128 1195 Epigr.
1165 1146 1254 1192 128,
1291 1146 1353 1182 11.
1414 1145 1568 1182 Primus
1607 1142 1723 1180 intel-

232 1214 330 1251 lexit
360 1213 533 1262 Lipsius.

348 1284 414 1319 79.
446 1281 567 1318 Facta
597 1281 905 1331 investigatione
936 1282 1074 1319 Euclio
1105 1283 1239 1332 quieto
1271 1282 1399 1318 animo
1430 1281 1547 1318 redit.
1612 1276 1735 1327 „De-'

233 1350 383 1403 Ισθθαΐα
414 1350 544 1387 omnia
568 1363 667 1398 pura
691 1354 731 1387 et
753 1351 958 1388 inturbata
982 1354 1021 1387 et
1046 1352 1129 1388 sine
1155 1351 1338 1388 sordibus
1362 1363 1569 1399 possumus
1594 1349 1725 1386 (licere

234 1425 279 1458 ut
309 1421 441 1457 vinum
472 1419 554 1455 siue
585 1418 786 1466 faeoibus“,
819 1421 875 1456 ait
897 1419 1046 1456 Nonius
1071 1433 1108 1469 p.
1133 1420 1212 1457 454
1239 1420 1276 1457 h.
1294 1434 1331 1457 v.
1349 1419 1484 1458 allato.
1531 1418 1587 1455 Cf.
1606 1417 1725 1466 Epid.

237 1491 338 1527 (3332
391 1489 546 1535 „animo
584 1488 736 1537 liquido
776 1492 814 1524 et
861 1489 1077 1537 tranquillo
1117 1487 1196 1526 es“.
1250 1488 1392 1526 Pseud.
1433 1489 1533 1525 232:
1595 1486 1727 1534 „Nihil

234 1559 424 1604 ourassis;
463 1556 615 1606 liquido
648 1571 687 1593 es
719 1556 891 1595 animo“.
926 1559 1005 1595 764
1038 1572 1095 1607 sq.
1133 1556 1358 1606 „Quidquid
1389 1557 1530 1594 incerti
1561 1555 1655 1592 mihi
1686 1555 1726 1592 in

235 1628 364 1664 animo
381 1626 492 1676 prius
518 1629 586 1662 aut
611 1626 835 1675 ambiguum
858 1626 946 1673 fuit,
975 1626 1087 1664 Nunc
1111 1623 1248 1674 liquet,
1281 1640 1381 1663 nunc
1399 1621 1725 1662 defaecatumst“.

234 1696 392 1733 Mostel.
414 1694 510 1731 154:
547 1691 820 1742 „deficatum‘fl
841 1716 895 1720 —
920 1697 984 1733 Sl.
1017 1692 1129 1733 iuius·
1151 1705 1280 1741 serva,
1313 1694 1544 1745 Staphylam
1568 1693 1727 1730 domum

235 1763 431 1802 custodire
463 1763 588 1811 iubet,
621 1764 667 1801 cf.
702 1765 794 1801 (fist.
832 1766 927 1801 106:
975 1778 1156 1812 „seruare
1189 1763 1293 1813 apud
1323 1762 1425 1800 n1e“.
1472 1763 1590 1799 Most.
1624 1762 1725 1800 444:

239 1836 377 1881 „natus
407 1845 520 1869 nemo
551 1833 590 1869 in
622 1832 786 1869 aedibus
818 1837 990 1870 seruat''.
1031 1833 1117 1870 Ter.
1144 1833 1243 1869 Eun.
1278 1834 1377 1870 780:
1417 1831 1554 1878 „Solus
1580 1830 1727 1868 Sannio

235 1905 368 1939 seruat
398 1898 545 1938 domi“.
581 1921 629 1926 —
667 1897 900 1950 Quippn'm?
930 1902 954 1939 i.
988 1915 1018 1938 e.
1053 1902 1220 1947 scilicet,
1261 1901 1297 1938 h.
1330 1902 1355 1939 l.
1388 1901 1535 1937 ironice
1565 1899 1725 1936 dicitur.

237 1970 291 2007 (ff.
324 1969 463 2006 Bacch.
498 1970 590 2007 834.
638 1970 741 2008 Men.
779 1971 898 2007 1087.
942 1969 1080 2007 Pseud.
1116 1971 1207 2007 361.
1255 1969 1411 2006 Trucul.
1446 1970 1539 2006 207.
1575 1988 1622 1992 ——
1659 1968 1723 2004 82.

235 2035 330 2087 Esto
362 2035 473 2075 ἱφιΐίιὸ·
503 2034 695 2076 Serloem?
725 2041 894 2087 quaestio
926 2039 1104 2075 mirantis
1137 2041 1175 2075 et
1207 2037 1461 2085 indignantis,
1495 2037 1541 2074 cf.
1576 2037 1641 2073 45.
1674 2055 1729 2059 —-

239 2109 302 2144 83.
354 2103 541 2155 „Qnoesz‘i
570 2094 649 2156 pro¹
675 2105 871 2156 quaestus“
908 2106 1058 2144 Nonius
1089 2120 1126 2156 p.
1153 2107 1246 2153 483,
1280 2107 1347 2155 qui
1379 2109 1417 2143 et
1447 2105 1483 2143 h.
1508 2106 1533 2142 l.
1560 2109 1600 2142 et
1629 2104 1728 2142 alios

236 2180 413 2213 veterum
453 2175 585 2221 affert,
632 2176 678 2213 cf.
711 2175 828 2213 Most.
866 2177 985 2213 1089.
1033 2176 1137 2212 Poen.
1173 2177 1237 2212 95.
1284 2174 1392 2212 Pers.
1428 2176 1491 2211 (57.
1541 2170 1724 2222 „gemiti“

236 2245 340 2281 infra
371 2244 464 2290 714,
502 2242 643 2288 .,uicti“
680 2244 792 2293 Capt.
828 2245 920 2290 340,
959 2243 1150 2294 „sumpti‘²
1186 2244 1294 2281 Trin.
1329 2245 1421 2280 250.
1462 2238 1581 2279 Plura
1613 2241 1730 2278 colle-

237 2315 295 2363 git
327 2313 504 2358 Corssen,
538 2312 787 2361 Aussprache
819 2314 854 2350 d.
882 2312 968 2350 Lat.
996 2313 1044 2358 II,
1078 2326 1114 2361 p.
1139 2313 1228 2349 144.
1263 2332 1318 2337 -
1358 2313 1422 2349 84.
1461 2308 1626 2357 „inanis
1655 2323 1729 2359 pro

239 2379 453 2418 inanitate“
502 2380 655 2417 Nouius
700 2394 737 2429 p.
785 2382 860 2418 1:23
909 2382 945 2418 h.
986 2395 1019 2418 v.
1064 2381 1195 2417 allato.
1277 2377 1436 2418 inaniis
1480 2378 1731 2416 scribendum

240 2463 323 2487 esse
354 2450 430 2486 iam
462 2452 558 2487 vett.
592 2449 680 2486 edd.
714 2449 1005 2496 intellexerunt,
1054 2463 1139 2499 quae
1171 2462 1258 2495 vox,
1302 2449 1479 2497 quamvis
1518 2447 1613 2484 alibi
1652 2460 1730 2483 non

239 2522 366 2565 extet,
406 2522 445 2555 et
482 2520 587 2554 recte
626 2518 792 2554 formata
831 2522 890 2554 est
923 2522 962 2555 et
993 2531 1078 2554 cum
1110 2514 1276 2554 araneis
1306 2515 1586 2566 lepidissimam
1618 2528 1730 2564 pare-

239 2587 373 2624 chesin
404 2587 510 2624 facit.
571 2586 633 2622 Ad
664 2586 737 2623 hoe
770 2585 951 2635 Wagner.
986 2586 1155 2623 contulit
1184 2585 1322 2622 Afran.
1355 2598 1390 2621 v,
1420 2584 1520 2621 411:
1573 2583 1731 2630 „arcula

240 2660 308 2693 tua
339 2656 456 2706 plena
488 2660 546 2691 est
588 2652 857 2691 aranearum“.
918 2654 962 2690 In
1001 2655 1133 2703 priore
1173 2654 1347 2690 membro
1389 2664 1604 2701 oxymoron
1643 2663 1730 2699 gra-

241 2725 325 2762 vius
365 2727 483 2761 etiam
524 2727 602 2769 est3
651 2723 696 2760 cf.
740 2722 850 2771 Capt.
896 2723 994 2759 465:
1048 2722 1259 2767 „ecfertum
1297 2719 1437 2758 fame“.
1470 2719 1590 2757 Mero.
1628 2721 1728 2757 565:

245 2793 488 2840 „ieiunitatis
519 2789 697 2842 plenus“.
733 2810 780 2816 —
817 2792 880 2829 85.
914 2791 974 2827 An
1006 2795 1061 2837 tu,
1095 2792 1234 2839 inquit,
1269 2789 1393 2829 credis
1423 2792 1492 2826 tua
1524 2801 1637 2826 causa
1669 2801 1728 2825 me
