1897 3171
249 166 331 206 274
891 161 1092 195 Aulularia.

249 292 381 329 fratris
399 291 557 328 domum
575 291 763 340 migrasse
780 294 819 328 et
835 291 1042 340 utriusque
1060 289 1221 326 eandem
1237 288 1427 325 familiam
1443 288 1574 325 fuisse.
1629 286 1740 333 Quod

248 363 292 398 ut
323 362 364 397 in
392 360 501 397 tenui
530 372 573 396 re
603 359 792 396 familiari
822 358 908 396 fieri
937 359 1090 409 potuit,
1131 359 1189 394 ita
1228 356 1390 394 divitem
1425 355 1622 392 hominem
1660 367 1741 392 non

251 431 311 465 est
339 429 423 465 veri
453 427 581 465 simile
611 431 691 464 tam
728 441 873 477 paucos
912 439 1045 464 servos
1084 425 1287 472 habuisse,
1333 427 1378 462 ut
1415 424 1518 462 idem
1558 423 1742 461 avunculi

249 497 433 534 atriensis
466 499 505 533 et
534 498 689 544 nepotis
713 495 952 546 pedisequus
979 499 1094 541 esset,
1127 508 1196 531 nec
1222 493 1434 542 Lyconidis
1461 506 1596 530 servus
1623 492 1741 530 alium

251 579 367 615 quam
397 565 526 614 ipsum
557 563 796 613 Lyconidem
835 564 972 601 herum
1011 565 1190 611 agnoscit
1227 566 1295 600 aut
1326 562 1374 599 ab
1407 562 1485 599 alio
1516 562 1742 599 libertatem

250 636 396 683 sperat.
456 632 578 669 Immo
615 632 711 670 duas
742 645 931 682 personas
963 645 1046 669 esse
1078 635 1256 680 apparet.
1324 630 1401 668 Sed
1432 630 1628 679 quomodo
1659 629 1744 667 fieri

250 705 404 752 potest,
451 703 495 738 ut
532 700 618 737 duae
657 700 828 737 eiusdem
866 700 1009 737 fabulae
1047 712 1226 749 personae
1268 699 1405 736 eodem
1444 700 1602 736 nomine
1633 696 1742 735 sint?

250 770 295 807 In
320 769 569 807 Menaechmis
594 769 751 818 quidem
775 769 891 805 huius
917 769 972 805 rei
997 768 1098 805 ratio
1129 768 1310 805 redditur
1336 765 1387 815 (v.
1412 764 1535 814 1130)
1571 770 1611 804 et
1639 767 1745 803 illius

250 838 392 875 fabulae
446 837 573 875 turbae
628 851 674 874 ex
718 838 790 874 hac
835 838 1001 874 nominis
1048 838 1321 874 communione
1366 849 1548 885 magnam
1593 838 1745 884 partem

251 908 444 944 oriuntur.
519 905 594 942 Hic
632 919 788 955 quoque
830 907 860 942 si
900 907 1068 943 nominis
1110 904 1325 943 similitudo
1365 917 1538 942 errorem
1576 904 1746 952 aliquem

250 976 457 1012 ridiculum
489 980 558 1012 aut
597 975 734 1012 turbas
774 978 950 1024 pareret,
993 987 1110 1011 causa
1151 974 1455 1023 intelligeretur,
1504 972 1573 1009 sed
1604 985 1676 1009 nec
1706 972 1746 1008 in

251 1044 384 1080 fabula
414 1044 492 1080 tale
525 1044 740 1093 quidquam
772 1043 919 1092 legitur
949 1056 1018 1079 nec
1050 1044 1087 1079 in
1121 1046 1295 1079 extrema
1318 1042 1460 1079 fabulae
1485 1044 1620 1091 parte,
1661 1052 1746 1089 quae

251 1113 389 1161 periit,
429 1113 594 1162 cogitari
626 1115 775 1161 potest,
816 1111 919 1148 unde
951 1113 1149 1161 sequitur,
1190 1114 1235 1148 ut
1271 1112 1348 1148 ista
1378 1111 1546 1147 nominis
1577 1122 1747 1146 commu-

252 1182 353 1217 nitas
385 1184 424 1217 et
456 1181 607 1217 inutilis
639 1184 678 1217 et
709 1182 843 1230 inepta
865 1181 999 1217 futura
1023 1181 1154 1217 fuerit.
1202 1180 1422 1229 Wagnerus
1448 1178 1604 1228 quidem
1631 1174 1744 1223 (edit.

250 1263 289 1299 p.
324 1250 400 1286 138
434 1249 510 1298 sq.)
543 1249 592 1286 ad
624 1249 783 1286 solitum
816 1248 1060 1297 quorundam
1100 1249 1387 1298 philologorum
1429 1247 1619 1285 auxilium
1658 1259 1747 1282 con-

252 1318 363 1367 fugit,
404 1321 448 1355 ut
483 1316 836 1365 „contarninatanl“
872 1317 1044 1354 fabulam
1088 1330 1171 1354 esse
1211 1321 1368 1354 censeat
1405 1316 1467 1353 vel
1509 1328 1555 1352 ex
1597 1313 1747 1351 duabus

253 1385 399 1423 Graecis
432 1387 706 1435 compositam,
750 1388 860 1423 cuius
902 1387 957 1422 rci
996 1399 1064 1422 nec
1105 1385 1212 1423 aliud
1252 1386 1375 1423 ullum
1406 1384 1595 1421 indicium
1626 1385 1748 1428 extat,

251 1458 296 1491 ut
334 1457 439 1491 recte
477 1455 843 1492 animadverterunt
881 1458 919 1491 et
958 1454 1113 1491 Brixius
1153 1458 1192 1491 et
1222 1453 1506 1491 Reinhardtius
1536 1453 1576 1489 in
1609 1451 1750 1489 Stude-

254 1522 389 1560 mundi
415 1522 525 1560 Stud.
552 1523 582 1560 I.
608 1538 647 1574 p.
670 1525 760 1570 109,
793 1536 863 1559 nec
893 1526 974 1560 tam
998 1523 1199 1572 stupidum
1224 1527 1409 1573 putamus
1434 1521 1619 1559 Plautum
1643 1519 1748 1557 Grae-

255 1604 389 1628 corum
414 1591 671 1640 interpretem
695 1592 825 1637 fuisse,
851 1595 895 1628 ut
922 1605 969 1628 ne
994 1605 1134 1629 nomen
1161 1592 1317 1641 quidem
1345 1592 1447 1628 servi
1472 1593 1556 1640 ipse
1573 1588 1750 1626 invenire

256 1661 441 1709 potuerit.
518 1660 762 1697 Histrionem
809 1663 938 1697 autem
980 1662 1012 1697 si
1052 1661 1140 1710 quis
1181 1660 1286 1697 dicat
1327 1659 1494 1697 eundem
1541 1658 1751 1706 utriusque

256 1729 357 1765 servi
382 1732 518 1778 partes
544 1731 679 1778 egisse,
713 1729 785 1766 hoc
817 1732 856 1765 et
885 1729 972 1778 ipse
1003 1729 1115 1766 facile
1148 1729 1396 1775 crediderim,
1428 1727 1498 1765 sed
1521 1730 1680 1777 poetam
1705 1738 1752 1762 ea

257 1796 304 1833 de
344 1810 460 1834 causa
499 1801 708 1847 utrumque
747 1811 902 1834 servum
942 1797 1079 1834 eodem
1121 1798 1277 1835 nomine
1318 1797 1542 1847 appellasse
1595 1795 1751 1833 credere

257 1878 334 1901 11011
365 1879 537 1915 possum.
598 1865 756 1902 Erroris
789 1879 906 1903 causa
936 1879 1015 1903 non
1048 1866 1095 1902 ab
1127 1868 1212 1916 ipso
1243 1866 1395 1912 Plauto,
1428 1865 1499 1902 sed
1531 1879 1553 1901 a
1583 1863 1750 1913 posteri-

258 1933 390 1970 oribus
422 1934 637 1983 rcpetenda
669 1938 745 1979 est,
787 1947 857 1970 nec
898 1934 1066 1971 dubitari
1107 1939 1257 1983 potest,
1299 1935 1393 1983 quin
1433 1933 1538 1983 apud
1568 1933 1749 1969 Plautum

260 2001 336 2038 duo
370 2002 517 2039 fuerint
549 2003 713 2039 duorum
746 2016 948 2039 servorum
983 2006 1151 2041 nomina.
1214 2003 1270 2039 Ac
1303 2006 1395 2039 sunt
1426 2003 1542 2039 etiam
1574 2001 1652 2038 alia
1682 2014 1750 2037 no-

259 2071 405 2106 minum
439 2071 499 2107 vel
532 2084 638 2108 mero
669 2084 800 2107 errore
831 2071 891 2107 vel
924 2073 1100 2109 consulto
1134 2075 1375 2109 mutatorum
1407 2070 1595 2120 exempla.
1642 2069 1752 2118 Lysi-

261 2138 418 2175 damum
450 2139 597 2175 Casinae
638 2140 895 2176 rubricatoris
935 2154 1068 2178 errore
1108 2140 1358 2178 Stalicionem
1400 2143 1467 2177 aut
1507 2139 1752 2177 Stalinonem

259 2206 405 2244 factum
438 2220 520 2244 esse
551 2221 597 2243 ex
628 2207 887 2245 Ambrosiano
919 2209 1093 2246 ostendit
1124 2209 1383 2247 Studemund.
1414 2208 1499 2245 Iud.
1532 2208 1620 2244 lect.
1653 2206 1752 2255 Gry-

259 2275 395 2324 phisw.
441 2276 680 2323 1871—723
734 2278 922 2325 Cyamum
961 2291 1033 2328 pro
1074 2278 1175 2315 Geta
1221 2279 1261 2315 in
1300 2278 1541 2315 Truculento
1578 2275 1755 2313 restituit

261 2343 510 2394 Spengelius3
556 2343 779 2381 Fitodicum
811 2350 961 2392 autem,
1002 2347 1069 2395 qui
1108 2346 1224 2383 huius
1262 2347 1406 2384 fabulae
1437 2359 1471 2384 v.
1507 2346 1584 2383 355
1617 2357 1753 2394 supra-

262 2412 460 2459 scribitur,
494 2412 645 2449 nullum
671 2426 767 2459 esse,
795 2413 850 2450 ibi
874 2414 1107 2452 videbimus.
1154 2415 1199 2452 In
1224 2415 1368 2461 Sticho,
1401 2418 1447 2452 ut
1470 2415 1510 2451 in
1534 2413 1752 2459 Aulularia,

261 2481 366 2518 idem
406 2481 557 2518 duabus
597 2483 772 2532 personis
811 2496 951 2519 nomen
989 2483 1151 2533 obtigit3
1197 2497 1287 2520 nam
1326 2483 1526 2520 Pinacium
1573 2485 1611 2519 et
1655 2494 1755 2531 puer

263 2549 409 2587 dicitur
440 2554 479 2587 et
509 2550 636 2587 altera
668 2564 714 2587 ex
745 2550 947 2588 sororibus
978 2553 1185 2597 matronis3
1232 2564 1368 2588 verum
1398 2552 1512 2601 pueri
1542 2563 1683 2588 nomen
1713 2550 1753 2586 in

264 2622 450 2656 contextu
480 2618 624 2655 fabulae
656 2619 814 2668 legitur,
848 2623 1035 2656 matronae
1065 2623 1217 2657 tantum
1248 2621 1289 2657 in
1311 2620 1431 2657 titulo
1455 2619 1592 2670 primae
1617 2630 1752 2665 scenae,

264 2690 303 2723 et
339 2690 429 2735 post
469 2687 727 2724 Ritschelium
768 2687 859 2723 inde
898 2701 1052 2737 quoquc
1092 2690 1258 2725 eiectum
1297 2691 1377 2734 est,
1425 2687 1611 2736 quoniam
1648 2687 1689 2723 in
1720 2686 1754 2722 A

264 2754 469 2804 Pamphila
499 2755 657 2803 legitur.
719 2756 925 2792 Difficilior
956 2756 1003 2793 de
1035 2757 1196 2794 alterius
1227 2757 1371 2793 sororis
1400 2756 1556 2792 nomine
1588 2755 1753 2804 quaestio
