1897 3171
778 182 969 215 Aulularia
1543 186 1619 224 271

248 311 377 348 Etiam
408 311 690 360 posterioribus
722 311 872 348 saeculis
904 311 1003 348 hanc
1034 310 1202 348 fabulam
1237 315 1276 348 et
1306 313 1346 348 in
1378 325 1490 348 scena
1514 326 1623 361 spec-

135 382 256 416 tatam
289 383 328 416 et
357 380 474 429 vulgo
504 380 720 417 lectitatam
762 392 846 416 esse
885 379 999 415 facile
1039 379 1245 415 credimus.
1321 379 1449 418 Unum
1491 380 1622 417 afferri

133 451 286 497 potest,
321 447 424 497 quod
457 448 625 497 quodam
657 447 773 485 modo
803 447 877 484 huc
907 448 1124 495 pertineat,
1166 451 1338 484 extremo
1371 449 1621 497 antiquitatis

132 519 310 566 tempore
335 516 508 553 fabulam
534 517 792 566 compositam
818 528 901 552 esse
919 515 1056 551 similis
1080 515 1249 552 nominis
1276 518 1314 552 et
1338 518 1490 565 cognati
1510 530 1623 566 argu·

133 585 266 622 menti.
314 585 371 621 Ea
388 584 633 631 Querolus
662 585 740 620 sive
759 584 1028 620 Aulularia
1054 583 1294 629 inscribitur,
1314 584 1622 633 primariamque

133 665 336 701 personam
390 652 510 689 habet
561 653 754 690 hominen]
801 665 1012 701 pauperem
1060 652 1107 688 de
1152 652 1312 688 fortuna
1357 665 1422 688 sua
1470 666 1623 701 semper

134 723 382 769 querentem,
431 719 638 766 Querolum
685 720 884 758 Euclionis
929 719 1064 756 filium.
1139 718 1265 756 Huius
1310 723 1425 769 pater
1470 733 1620 767 avarus,

133 801 250 837 quum
291 801 453 837 peregre
490 788 822 839 proficisceretur,
872 788 986 825 ollam
1027 788 1111 825 auri
1148 788 1305 837 plenam
1344 788 1450 838 apud
1495 788 1621 825 focum

133 856 275 893 aedium
298 870 453 894 suarum
479 857 642 903 defodit,
675 858 824 904 ignaris
848 856 1039 902 omnibus,
1073 859 1204 905 atque,
1237 859 1282 893 ut
1313 856 1430 893 etiam
1462 856 1622 893 inventa

131 924 303 971 falleret,
343 939 450 962 urnae
480 925 636 962 titulum
670 925 844 971 addidit,
887 925 997 974 quasi
1029 937 1117 961 ossa
1147 924 1271 974 patris
1303 924 1362 960 sui
1394 925 1621 962 contineret.

133 992 208 1029 Sed
253 993 439 1030 thesauro
483 996 595 1031 tanta
640 1007 729 1031 cura
778 993 1009 1030 abscondito
1056 993 1132 1029 frui
1177 1005 1253 1029 non
1294 993 1478 1042 contigit,
1534 1007 1619 1030 nam

132 1062 290 1110 peregri
328 1064 505 1098 mortuus
544 1065 614 1099 est.
689 1062 863 1098 Moriens
895 1062 1019 1098 amico
1052 1060 1205 1097 cuidam
1237 1061 1417 1107 mandat,
1464 1065 1508 1098 ut
1538 1061 1620 1098 filio

132 1132 324 1166 secretum
373 1131 545 1179 aperiat,
588 1134 626 1166 et
671 1131 872 1180 praemium
918 1130 1034 1167 huius
1081 1129 1257 1179 obsequii
1307 1129 1492 1166 decimam
1539 1130 1622 1166 the-

131 1197 237 1233 sauri
267 1200 418 1246 partem
450 1198 485 1234 ei
517 1198 736 1247 pollicetur.
796 1198 834 1234 Is
867 1202 996 1234 autem
1028 1201 1155 1235 totum
1188 1210 1303 1247 quam
1334 1201 1485 1247 partem
1511 1210 1621 1234 occu-

131 1277 224 1313 pare
255 1265 421 1312 mavult,
470 1269 508 1303 et
549 1279 667 1316 quum
707 1266 918 1312 Querolum
958 1266 1277 1315 superstitiosum
1309 1265 1505 1302 hominem
1537 1278 1621 1302 esse

130 1334 393 1382 comperisset,
426 1335 496 1371 tali
527 1334 664 1372 fraude
696 1348 776 1371 rem
809 1334 1048 1383 aggreditur.
1095 1334 1253 1382 Magum
1279 1347 1319 1370 se
1344 1347 1426 1371 esse
1451 1334 1620 1381 simulat,

130 1401 192 1438 cui
220 1401 484 1450 „potestates“
521 1415 652 1440 omnes
684 1407 858 1453 pareant,
894 1407 932 1439 et
964 1416 1082 1452 quum
1109 1402 1300 1448 Querolus
1332 1402 1433 1439 mala
1464 1402 1622 1439 fortuna

127 1473 342 1519 prematur,
377 1484 422 1507 ea
446 1483 485 1507 se
510 1483 597 1508 eum
622 1471 884 1508 liberaturum
915 1471 1122 1520 promittit.
1185 1470 1269 1508 Hoc
1300 1470 1385 1507 fieri
1416 1483 1540 1520 posse,
1575 1470 1618 1516 si,

131 1538 317 1588 quicquid
342 1539 444 1575 circa
467 1539 594 1576 focum
619 1539 744 1576 sordis
768 1543 806 1576 et
828 1543 942 1576 terrae
969 1542 1081 1585 esset,
1115 1543 1291 1587 egestum
1309 1542 1420 1576 esset.
1467 1537 1621 1576 Effossa

129 1609 236 1642 terra
266 1619 346 1642 una
386 1619 472 1643 cum
513 1607 591 1644 olla
632 1608 670 1644 in
712 1621 839 1645 arcam
881 1609 1125 1655 congeritur,
1160 1620 1274 1657 quam
1307 1607 1498 1653 Querolus
1536 1607 1621 1656 ipse

131 1675 210 1711 suis
234 1674 405 1712 humeris
430 1688 478 1712 ex
501 1675 650 1713 aedibus
675 1675 798 1722 effert,
832 1680 871 1712 et
897 1677 1044 1713 amicus
1069 1675 1270 1725 improbus
1295 1674 1431 1725 praeda
1454 1675 1620 1724 potitur.

130 1741 205 1779 Sed
237 1746 376 1791 aperta
407 1756 496 1781 arca
527 1757 645 1793 quum
675 1757 814 1782 urnam
846 1744 987 1791 videat,
1022 1747 1065 1781 ut
1097 1744 1233 1780 titulus
1259 1743 1444 1789 declarat,
1476 1743 1620 1779 mortui

130 1823 216 1847 ossa
247 1811 524 1858 continentem,
571 1812 730 1849 illusum
769 1825 809 1849 se
849 1812 1011 1849 credens
1043 1815 1081 1848 et
1113 1825 1220 1862 spem
1252 1812 1486 1849 frustratam
1519 1822 1620 1858 aegre

128 1878 258 1915 ferens
288 1892 427 1916 urnam
464 1880 585 1917 refert
624 1884 662 1917 et
692 1893 761 1930 per
792 1881 1000 1918 fenestram
1032 1881 1071 1916 in
1104 1880 1264 1926 Queroli
1295 1880 1451 1916 domum
1482 1879 1618 1916 iniicit.

130 1946 270 1984 Fracta
294 1947 374 1984 olla
395 1949 529 1998 ingens
561 1951 646 1986 auri
677 1950 737 1986 vis
770 1948 996 1996 effunditur,
1030 1947 1312 1998 Querolusque,
1347 1947 1453 1997 quod
1484 1960 1620 1985 aurum

128 2015 211 2064 ipse
252 2019 550 2064 exportaverat,
590 2018 744 2067 recipit.

241 2083 393 2121 Fabula
430 2085 579 2123 Rutilio
627 2086 778 2122 cuidam
819 2086 1070 2132 inscribitur,
1119 2097 1235 2134 quem
1276 2084 1471 2121 Rutilium
1509 2083 1619 2120 illum

128 2151 406 2189 Namatianum
452 2166 534 2190 esse
574 2157 784 2202 putarunt,
840 2154 905 2203 qui
948 2151 1180 2200 „Reditum“
1224 2165 1334 2190 suum
1372 2152 1411 2188 in
1450 2150 1617 2189 Galliam

129 2232 161 2255 a.
204 2219 283 2256 416
322 2233 360 2269 p.
400 2220 488 2259 Chr.
528 2235 565 2258 n.
607 2222 793 2271 elegiacis
832 2222 1009 2259 versibus
1049 2221 1338 2271 elegantissime
1380 2221 1618 2269 composuit3

130 2287 198 2323 sed
244 2288 376 2324 fabula
421 2290 623 2338 aliquanto
669 2290 873 2340 antiquior
918 2303 1001 2327 esse
1047 2289 1224 2336 videtur,
1273 2289 1303 2326 si
1344 2288 1501 2338 quidem
1542 2289 1618 2323 iam

129 2354 287 2392 Servius
322 2356 371 2392 ad
407 2356 497 2395 AEn.
530 2357 606 2404 III,
651 2359 729 2395 226
772 2371 855 2395 eam
888 2358 1036 2395 laudat.
1113 2357 1343 2406 Conscripta
1385 2359 1444 2392 est
1491 2358 1618 2391 autem

128 2436 205 2460 non
243 2427 288 2461 ut
326 2425 365 2460 in
403 2438 518 2462 scena
555 2425 710 2475 publice
749 2429 949 2473 ageretur,
993 2426 1061 2462 sed
1099 2430 1143 2463 ut
1174 2426 1350 2462 convivia
1382 2424 1617 2469 oblectaret3

127 2505 218 2528 nam
263 2493 303 2529 in
341 2493 529 2542 prooemio
561 2498 699 2531 auctor
745 2492 870 2540 „N0s“
913 2495 1044 2544 inquit
1093 2494 1271 2541 „fabellis
1313 2497 1430 2541 atque
1475 2491 1617 2527 mensis

128 2559 231 2596 hunc
272 2559 447 2598 libellum
486 2560 753 2611 scripsimus“.
830 2562 942 2608 Quod
982 2566 1110 2599 autem
1152 2562 1200 2599 ad
1231 2561 1393 2597 formam
1427 2561 1617 2595 orationis

129 2628 288 2675 attinet,
340 2627 551 2675 „Prodire“
600 2631 729 2679 inquit
779 2631 841 2677 „in
888 2630 1079 2678 agendum
1126 2644 1205 2667 non
1253 2628 1482 2665 auderemus
1532 2640 1617 2663 cum

129 2695 240 2732 clodo
287 2696 404 2745 pede,
459 2698 533 2735 nisi
580 2709 740 2746 magnos
784 2699 1071 2748 praeclarosque
1124 2700 1163 2734 in
1208 2697 1279 2733 hac
1324 2699 1436 2744 parte
1483 2708 1616 2743 seque-

129 2776 258 2800 remur
290 2763 446 2812 duces“,
489 2766 630 2815 quibus
662 2766 792 2803 verbis
830 2766 1043 2815 significari
1075 2766 1262 2803 uidentur
1293 2776 1426 2800 versus
1458 2766 1616 2799 eatenus
