1897 3171
76 176 78 178 ’
126 192 154 236 1⁷
168 164 349 236 2‚·43—58
781 192 964 227 curculio.
1539 199 1590 237 22
1598 201 1620 237 3

690 319 1054 360 Phaedromus

1338 392 1470 445 Anus,
1504 393 1619 435 audi.

124 463 216 505 Hoc
246 463 345 506 uolo
378 464 487 507 scire
518 468 582 506 te:
615 463 810 519 perditus
844 478 938 504 sum
969 463 1112 504 miser.

767 561 983 603 Leaena

934 634 990 675 At
1021 634 1094 687 pol
1126 647 1204 687 ego
1237 635 1395 688 oppido
1429 639 1617 677 seruata.

122 706 206 748 Sed
238 707 340 760 quid
372 711 449 758 est,
482 707 598 760 quod
629 706 753 748 lubet
785 705 1003 760 perditum
1035 706 1177 748 dicere
1556 719 1620 752 135

123 778 182 820 Te
215 779 339 821 esse‘?

683 849 1058 892 Phaedromus

328 922 440 973 Quia
470 935 540 976 690
571 922 616 964 id
649 922 766 977 quod
798 937 893 964 amo
927 936 1067 964 careo.

765 1017 973 1058 Leaena

782 1089 1053 1131 Phaedrome
1086 1090 1156 1140 mi,
1189 1104 1243 1131 ne
1276 1090 1412 1144 plora,
1446 1090 1617 1132 amabo.

121 1160 184 1202 Tu
207 1175 273 1203 me
298 1165 461 1211 curato,
480 1175 532 1203 ne
551 1162 719 1213 sitiam3
754 1175 829 1214 ego
862 1161 956 1210 tibi,
991 1162 1106 1215 quod
1138 1176 1275 1213 amas,
1306 1163 1392 1204 iam
1423 1162 1509 1203 huo
1540 1162 1619 1204 ad-

1080 1234 1247 1275 ducam.

685 1317 1049 1358 Phaedromus

119 1389 215 1431 Tibi
244 1403 297 1431 ne
329 1403 419 1443 ego,
455 1389 491 1430 si
522 1388 650 1431 fidem
683 1403 832 1430 seruas
864 1403 1044 1441 mecum,

118 1461 299 1503 Uineam
331 1475 410 1516 pro
442 1476 576 1503 aurea
606 1465 754 1503 statua
786 1466 991 1509 stainam,

119 1521 238 1583 Quae
269 1539 346 1575 tuo
379 1534 545 1588 gutturi
577 1534 634 1575 sit
666 1540 1003 1575 monumentum.
1035 1557 1091 1562 ——
1550 1546 1616 1578 140

117 1605 199 1655 Qui
231 1620 297 1647 me
328 1607 372 1647 in
402 1610 520 1648 terra
552 1619 685 1658 aeque
717 1605 967 1647 fortunatus
1001 1606 1095 1647 erit.
1136 1606 1171 1646 si
1202 1605 1277 1646 illa
1308 1605 1362 1646 ad
1395 1620 1459 1646 me
1492 1605 1614 1657 bitet,

117 1678 350 1720 Palinure?

716 1749 1012 1791 Palinurus

295 1821 462 1876 Edepol
492 1822 565 1875 qui
597 1826 724 1872 amat,
758 1822 790 1862 si
826 1826 933 1874 eget,
966 1822 1125 1862 misera
1157 1820 1359 1863 adficitur
1391 1835 1612 1862 aerumna.

684 1916 1047 1957 Phaedromus

113 1988 152 2030 N
157 2003 211 2030 on
241 1989 303 2030 ita
334 2002 402 2030 res
436 1993 519 2041 est3
550 2002 652 2030 nam
684 1987 851 2030 confido
885 1989 1126 2043 parasitum
1158 1988 1286 2030 hodie
1318 1988 1613 2030 aduenturum

118 2060 224 2102 Cum
255 2064 434 2114 argento
469 2060 525 2102 ad
555 2074 635 2102 me.

717 2148 1009 2189 Palinurus

311 2218 517 2273 Magnum
548 2219 759 2274 inceptas,
794 2220 829 2261 si
861 2219 905 2261 id
937 2225 1154 2274 expectas,
1188 2219 1304 2274 quod
1336 2223 1609 2273 nusquamst.

681 2314 1051 2356 Phaedromus

117 2384 243 2437 Quid,
282 2386 319 2427 si
352 2385 506 2428 adeam
538 2385 593 2427 ad
622 2385 729 2428 foris
761 2390 891 2439 atque
924 2387 1175 2428 occentem?

714 2481 1006 2523 Palinurus

656 2551 698 2594 Si
730 2553 864 2603 lubet,
897 2567 1036 2608 neque
1068 2558 1169 2595 ueto
1202 2566 1342 2605 neque
1374 2550 1515 2601 iubeo,
1546 2560 1609 2594 145

207 2723 270 2756 135
295 2721 385 2765 quid
409 2722 513 2756 lubet
564 2723 626 2756 136
653 2734 722 2767 ego
745 2734 810 2758 om.
861 2723 1132 2757 Phaedrome..
1150 2749 1155 2755 .
1173 2721 1599 2763 amaboproprc'ouersu.

116 2779 179 2812 137
203 2778 377 2813 nesiciam
450 2780 513 2813 138
538 2783 571 2814 et
594 2780 637 2814 39
661 2790 733 2814 uno
759 2790 874 2813 uersu.
967 2781 1028 2813 142
1056 2784 1151 2812 emat
1223 2778 1287 2811 145
1313 2776 1418 2820 Quod
