1897 3171
780 213 824 249 V.
852 216 1040 249 472—483.
1571 223 1592 261 5
1599 223 1621 261 6
1629 223 1651 260 7

160 341 211 378 de
251 354 327 390 quo
368 355 404 379 v.
437 341 522 379 Liv.
555 342 593 389 Ι,
641 344 709 388 13,
758 342 807 380 al.
851 355 912 391 ap.
944 343 1104 382 Becker.
1139 347 1229 383 Ant.
1264 347 1373 384 Rom.
1407 347 1441 393 I,
1484 361 1520 396 p.
1558 349 1648 392 319,

161 408 352 458 Dionysio
375 413 535 446 auctore
559 410 607 457 Π,
642 412 693 447 42
719 410 794 447 fuit
824 414 860 446 ἐν
889 412 985 459 μέσῳ
1015 413 1169 459 μάλιστα
1204 416 1256 459 τῆς
1286 415 1472 462 ςΡωμαίων
1503 415 1648 464 ἀγορᾶς.

162 471 302 526 Supra
342 490 430 514 eum
470 478 547 514 dici
585 479 717 527 potuit
756 479 937 528 superior
974 480 1048 516 fori
1079 494 1188 529 pars,
1237 482 1469 532 Capitolium
1502 496 1648 520 versus

161 545 392 583 Mommsen.
430 546 586 593 (Anna-l.
618 546 717 583 Inst.
753 559 854 583 corr.
888 547 991 584 arch.
1028 549 1155 594 1844.
1195 563 1232 599 p.
1269 551 1364 595 301)
1407 556 1443 587 et
1484 550 1648 588 Urlichs.

161 613 368 651 Servilium
402 615 528 651 lacum
559 614 808 662 intelligunt,
856 615 888 651 is
921 619 1048 652 autem
1081 617 1166 662 fuit,
1200 621 1244 653 ut
1275 619 1328 654 ait
1361 618 1465 655 Fest.
1498 631 1534 666 p.
1569 620 1647 655 290

160 682 202 719 in
232 683 427 731 principio
452 682 526 719 vici
550 681 712 729 Iugarii,
740 684 946 719 continens
972 683 1141 721 basilicae
1166 685 1286 730 Iuliae,
1316 689 1340 723 i.
1360 700 1404 731 e.,
1431 687 1507 722 nisi
1523 685 1648 730 fallor,

161 763 240 787 non
270 750 309 786 in
341 750 444 796 foro,
485 749 553 786 sed
585 753 673 798 post
705 750 920 788 basilicam.
996 751 1213 789 Urlichsius
1246 753 1298 790 ibi
1330 756 1517 790 tresviros
1549 755 1650 802 csspi·

161 818 262 856 tales
293 817 440 855 sedisse
472 819 707 867 suspicatur.
731 838 788 843 —
818 820 912 856 477.
947 816 994 857 (le
1024 816 1168 866 nihilo,
1202 822 1226 858 i.
1246 835 1277 857 e.
1305 822 1411 858 nulla
1443 821 1489 857 de
1521 834 1648 865 causa,

161 886 210 924 cf.
242 886 357 923 Truc.
392 886 494 923 756:
545 885 617 933 „de
656 886 778 924 nihilo
818 884 973 924 ii‘asci“.
1037 888 1122 925 Ter.
1156 888 1247 926 Hec.
1282 891 1379 926 727:
1437 888 1547 935 „Non
1579 889 1651 925 hoc

161 955 210 992 de
239 954 361 991 nihilo
394 952 491 991 est“.
554 954 639 992 Liv.
672 954 852 999 XXXIV,
888 956 952 1001 61,
989 957 1058 992 12:
1098 957 1212 1001 „mali
1244 971 1324 993 rein
1358 957 1524 1005 exempli
1557 970 1649 1002 esse,

161 1023 211 1060 de
250 1022 374 1059 nihilo
413 1022 592 1072 hospites
632 1021 818 1072 comp-1⁶⁴.
893 1023 1009 1073 Prop.
1040 1023 1099 1070 Π,
1136 1025 1171 1071 3,
1218 1026 1286 1061 16:
1341 1025 1448 1071 „Non
1488 1038 1572 1061 sum
1606 1024 1651 1061 de

164 1090 288 1128 nihilo
318 1090 485 1127 blandus
526 1090 716 1127 amator‘·.
748 1111 804 1116 —
835 1092 929 1129 479.
977 1087 1062 1129 Sub
1102 1088 1326 1138 ueteribus,
1375 1106 1426 1129 se.
1458 1092 1651 1138 tabernis,

162 1160 396 1207 argentariae
427 1161 557 1195 autem
590 1164 714 1205 erant,
748 1173 782 1197 v.
810 1159 985 1205 Becker.,
1017 1160 1108 1197 Ant.
1135 1159 1246 1197 Rom.
1271 1160 1300 1206 I,
1320 1163 1369 1209 p.
1398 1161 1475 1197 295
1509 1173 1578 1209 sq.,
1612 1165 1653 1196 ut

162 1228 248 1265 iure
287 1227 341 1264 ibi
383 1227 629 1263 feneratores
669 1227 791 1276 quaeri
830 1229 1048 1277 potuerint.
1124 1229 1306 1265 Australe
1347 1228 1406 1265 hae
1445 1228 1520 1264 fori
1550 1228 1652 1264 latus

160 1295 420 1345 occupabant,
452 1308 488 1332 v.
522 1293 598 1332 Cic.
626 1295 747 1332 Aead.
780 1309 838 1345 pr.
871 1296 919 1342 II,
955 1297 1018 1342 22,
1055 1298 1127 1334 70:
1164 1301 1232 1343 „ut
1261 1298 1300 1342 ii,
1334 1298 1401 1345 qui
1433 1295 1503 1332 sub
1533 1295 1651 1332 Novis

162 1364 285 1402 solem
315 1375 392 1400 non
423 1363 569 1409 ferunt,
601 1364 697 1400 item
728 1363 805 1409 ille,
839 1377 957 1412 quum
990 1369 1184 1410 aestuaret,
1217 1368 1404 1410 veterum,
1437 1367 1481 1400 ut-
1505 1363 1652 1400 Maeni-

162 1445 347 1478 anorum,
394 1431 447 1468 sic
484 1430 808 1468 Academicorum
855 1432 1033 1469 umbram
1080 1436 1237 1469 secutus
1285 1430 1382 1469 est“.
1457 1431 1653 1469 Osannurn

163 1503 312 1546 autem,
361 1500 428 1549 qui
459 1513 507 1536 ex
537 1499 573 1536 h.
606 1500 632 1537 l.
666 1500 765 1537 effici
804 1502 961 1549 putavit
1003 1501 1102 1537 hanc
1135 1514 1289 1538 scenam
1320 1500 1545 1537 Plautinam
1577 1512 1652 1536 non

165 1582 268 1614 esse,
317 1568 409 1617 quia
445 1568 513 1604 illa
555 1571 671 1604 aetate
702 1568 875 1605 nondum
907 1574 1085 1605 veterum
1118 1572 1156 1605 et
1186 1581 1377 1605 novarum
1408 1569 1562 1604 nomine
1596 1567 1651 1603 di-

162 1637 317 1674 stinctae
356 1636 505 1673 fuerint
544 1636 618 1672 fori
656 1636 847 1683 tabernae,
887 1637 954 1673 sed
984 1637 1226 1673 lanienarum
1259 1640 1297 1672 et
1329 1637 1649 1685 argentariarum,

164 1708 247 1742 tum
280 1704 436 1742 demum
467 1718 738 1754 sequeremur,
782 1706 813 1741 si
844 1706 884 1741 in
914 1705 1008 1741 locis
1041 1705 1169 1742 allatis
1201 1700 1305 1752 (Liv.
1337 1703 1486 1749 XXVI,
1522 1705 1592 1749 27,
1629 1704 1650 1739 2

165 1776 207 1810 et
243 1772 360 1821 Epid.
402 1785 437 1810 v.
474 1770 570 1820 196)
617 1774 777 1810 minima
821 1774 1038 1809 testimonii
1082 1773 1221 1810 umbra
1267 1774 1423 1808 inesset.
1468 1791 1515 1795 -—
1556 1772 1649 1808 480.

165 1837 307 1879 AEcles
337 1835 523 1879 Castoris
553 1842 592 1877 in
624 1841 708 1877 foro
733 1840 907 1878 Romano
941 1846 977 1877 et
1011 1855 1057 1877 ex
1089 1842 1263 1889 antiquis
1297 1839 1556 1889 scriptoribus
1589 1852 1653 1875 no-

165 1910 318 1946 tissima
348 1912 419 1955 est,
452 1922 487 1945 v,
520 1908 681 1946 Becker.
714 1910 804 1946 Ant.
838 1909 946 1946 Rom.
979 1909 1008 1955 I,
1042 1923 1079 1958 p.
1115 1910 1207 1955 298,
1244 1913 1281 1945 et
1312 1908 1426 1944 hodie
1458 1912 1538 1943 tres
1571 1908 1652 1943 eius

164 1978 356 2014 columnae
387 1977 535 2024 egregii
567 1979 697 2026 operis
724 1979 916 2014 visuntur.
939 1998 985 2001 -
1015 1974 1164 2022 subito,
1197 1977 1263 2013 ubi
1294 1977 1462 2026 primum
1493 1974 1652 2012 videris.

164 2064 222 2071 —
253 2046 348 2083 481.
382 2041 542 2083 Tuscus
572 2042 701 2091 uicus,
735 2048 801 2095 qui
829 2050 965 2095 postea
998 2046 1171 2082 turarius
1204 2045 1425 2094 appellatus
1460 2050 1531 2089 est,
1563 2047 1653 2091 post

166 2113 295 2150 forum
332 2112 550 2150 Romanum
589 2115 693 2150 inter
730 2113 950 2150 Palatinum
988 2117 1158 2150 montem
1201 2118 1239 2149 et
1277 2112 1514 2161 Capitolium
1559 2112 1654 2147 situs

166 2185 270 2228 erat,
317 2195 353 2219 v.
385 2181 547 2220 Becker.
580 2195 618 2231 p.
651 2182 745 2219 487.
806 2182 843 2218 Is
876 2195 958 2218 esse
996 2182 1171 2228 videtur,
1221 2182 1285 2230 qui
1327 2180 1520 2228 hodieque
1553 2181 1654 2215 inter

167 2250 371 2288 basilicam
400 2249 540 2289 Iuliam
573 2257 611 2287 et
634 2250 806 2287 Castoris
839 2250 960 2286 aedein
994 2250 1244 2299 conspicitur.
1292 2249 1423 2284 Etiam
1451 2247 1554 2296 apud
1581 2247 1655 2283 Ho-

167 2319 325 2364 ratium,
358 2317 438 2355 Sat.
464 2317 513 2364 Π,
542 2319 576 2364 3,
604 2319 696 2363 228,
722 2322 1049 2355 commemoratur
1079 2317 1218 2364 „Tusci
1242 2317 1355 2353 turba
1388 2317 1508 2364 impia
1540 2316 1653 2357 vici''‚

166 2386 235 2424 ubi
266 2385 482 2423 scholiastae
513 2386 592 2423 fere
617 2386 775 2422 lenones
800 2386 1037 2433 intelligunt.
1091 2382 1168 2434 Qui
1198 2382 1282 2433 ipsi
1313 2393 1402 2421 sese
1432 2380 1654 2427 venditant,

168 2457 209 2491 et
240 2457 368 2491 scorta
409 2467 490 2491 esse
530 2458 693 2503 possunt
735 2460 772 2489 et
814 2455 970 2490 omnino
1003 2456 1069 2502 qui
1103 2453 1197 2490 nihil
1229 2465 1304 2488 non
1338 2455 1509 2500 quaestus
1543 2464 1655 2487 causa

168 2522 330 2560 faciunt.
355 2542 411 2547 --
442 2523 536 2559 482.
578 2517 812 2567 Uelabrum,
847 2522 892 2558 cf.
921 2521 1031 2570 Capt.
1053 2522 1145 2566 438,
1185 2520 1254 2556 sub
1287 2519 1482 2555 radicibus
1514 2519 1655 2554 montis

168 2590 340 2627 Palatini
371 2592 490 2627 situm
522 2589 615 2635 fuit,
649 2591 813 2638 vicoque
845 2590 969 2626 Tusco
1002 2590 1198 2633 iunctum,
1232 2600 1307 2636 qua
1340 2589 1378 2623 111
1410 2588 1538 2623 forum
1568 2600 1655 2635 per-

168 2658 355 2707 gebatur,
402 2672 438 2696 v.
478 2658 563 2695 Liv.
605 2657 774 2703 XXVII,
816 2659 885 2703 37,
931 2658 979 2694 14
1021 2670 1096 2704 sq.:
1149 2657 1211 2692 ..in
1251 2656 1336 2692 foro
1384 2668 1527 2704 pompa
1568 2667 1656 2690 con-

170 2727 273 2764 stitit
305 2757 312 2765 .
341 2757 348 2765 .
377 2757 384 2764 .
416 2726 512 2763 Inde
552 2728 639 2763 vico
680 2725 806 2762 Tusco
840 2725 1086 2773 Velabroque
1125 2736 1197 2773 per
1236 2723 1410 2759 boarium
1452 2722 1575 2758 forum
1618 2723 1658 2757 in

168 2794 313 2833 clivum
366 2795 586 2832 Publicium
640 2798 759 2842 atque
816 2793 936 2830 aedem
989 2792 1149 2828 Innonis
1203 2791 1344 2839 reginae
1397 2787 1658 2838 pei'i‘ectun1“.
