<?xml version="1.0" encoding="UTF-8"?>
<!DOCTYPE html PUBLIC "-//W3C//DTD XHTML 1.0 Transitional//EN"
    "http://www.w3.org/TR/xhtml1/DTD/xhtml1-transitional.dtd">
<html xmlns="http://www.w3.org/1999/xhtml" xml:lang="en" lang="en">
 <head>
  <title>
</title>
<meta http-equiv="Content-Type" content="text/html;charset=utf-8" />
  <meta name='ocr-system' content='tesseract 3.04.00' />
  <meta name='ocr-capabilities' content='ocr_page ocr_carea ocr_par ocr_line ocrx_word'/>
</head>
<body>
  <div class='ocr_page' id='page_1' title='image "./comoediaerecensu02plauuoft_0318.png"; bbox 0 0 1897 3171; ppageno 0'>
   <div class='ocr_carea' id='block_1_1' title="bbox 248 187 1088 229">
    <p class='ocr_par' dir='ltr' id='par_1_1' title="bbox 248 187 1088 229">
     <span class='ocr_line' id='line_1_1' title="bbox 248 187 1088 229; baseline -0.011 0"><span class='ocrx_word' id='word_1_1' title='bbox 248 190 328 229; x_wconf 82' lang='lat'>298</span> <span class='ocrx_word' id='word_1_2' title='bbox 888 187 1088 222; x_wconf 84' lang='lat' dir='ltr'>Aulularia.</span> 
     </span>
    </p>
   </div>
   <div class='ocr_carea' id='block_1_2' title="bbox 239 316 1781 2823">
    <p class='ocr_par' dir='ltr' id='par_1_2' title="bbox 239 316 1781 2823">
     <span class='ocr_line' id='line_1_2' title="bbox 245 316 1736 366; baseline 0.002 -13"><span class='ocrx_word' id='word_1_3' title='bbox 245 316 417 354; x_wconf 84' lang='lat' dir='ltr'>Acidalii</span> <span class='ocrx_word' id='word_1_4' title='bbox 462 317 664 365; x_wconf 88' lang='lat' dir='ltr'>sequimur</span> <span class='ocrx_word' id='word_1_5' title='bbox 707 330 966 366; x_wconf 87' lang='lat' dir='ltr'>personarum</span> <span class='ocrx_word' id='word_1_6' title='bbox 1013 317 1351 354; x_wconf 71' lang='lat' dir='ltr'><strong>distributionem:</strong></span> <span class='ocrx_word' id='word_1_7' title='bbox 1405 317 1516 364; x_wconf 71' lang='lat' dir='ltr'>„ME</span> <span class='ocrx_word' id='word_1_8' title='bbox 1556 318 1664 356; x_wconf 90' lang='lat' dir='ltr'>Istuc</span> <span class='ocrx_word' id='word_1_9' title='bbox 1694 318 1736 356; x_wconf 82' lang='lat' dir='ltr'>di</span> 
     </span>
     <span class='ocr_line' id='line_1_3' title="bbox 245 382 1735 436; baseline 0.001 -15"><span class='ocrx_word' id='word_1_10' title='bbox 245 385 343 422; x_wconf 90' lang='lat' dir='ltr'>bene</span> <span class='ocrx_word' id='word_1_11' title='bbox 374 389 544 423; x_wconf 82' lang='lat' dir='ltr'>uortant.</span> <span class='ocrx_word' id='word_1_12' title='bbox 605 384 687 423; x_wconf 86' lang='lat' dir='ltr'>EU.</span> <span class='ocrx_word' id='word_1_13' title='bbox 720 384 781 422; x_wconf 86' lang='lat' dir='ltr'>Ita</span> <span class='ocrx_word' id='word_1_14' title='bbox 812 384 852 421; x_wconf 88' lang='lat' dir='ltr'>di</span> <span class='ocrx_word' id='word_1_15' title='bbox 882 385 1025 431; x_wconf 86' lang='lat' dir='ltr'>faxint,</span> <span class='ocrx_word' id='word_1_16' title='bbox 1057 388 1101 422; x_wconf 90' lang='lat' dir='ltr'>tu</span> <span class='ocrx_word' id='word_1_17' title='bbox 1131 385 1228 422; x_wconf 89' lang='lat' dir='ltr'>illud</span> <span class='ocrx_word' id='word_1_18' title='bbox 1260 383 1374 433; x_wconf 79' lang='lat' dir='ltr'>etc.“,</span> <span class='ocrx_word' id='word_1_19' title='bbox 1409 400 1526 435; x_wconf 86' lang='lat' dir='ltr'>quam</span> <span class='ocrx_word' id='word_1_20' title='bbox 1556 382 1735 436; x_wconf 82' lang='lat' dir='ltr'>plerique</span> 
     </span>
     <span class='ocr_line' id='line_1_4' title="bbox 246 451 1735 503; baseline 0.002 -14"><span class='ocrx_word' id='word_1_21' title='bbox 246 453 500 503; x_wconf 83' lang='lat' dir='ltr'>adoptarunt.</span> <span class='ocrx_word' id='word_1_22' title='bbox 526 473 581 477; x_wconf 96' lang='lat'><strong>—</strong></span> <span class='ocrx_word' id='word_1_23' title='bbox 615 454 707 490; x_wconf 94' lang='lat'>251.</span> <span class='ocrx_word' id='word_1_24' title='bbox 739 451 826 491; x_wconf 73' lang='lat' dir='ltr'>scio</span> <span class='ocrx_word' id='word_1_25' title='bbox 858 463 936 502; x_wconf 74' lang='lat' dir='ltr'>quo</span> <span class='ocrx_word' id='word_1_26' title='bbox 969 463 1054 490; x_wconf 74' lang='lat' dir='ltr'>uos.</span> <span class='ocrx_word' id='word_1_27' title='bbox 1102 453 1262 491; x_wconf 84' lang='lat' dir='ltr'><strong>Becker.</strong></span> <span class='ocrx_word' id='word_1_28' title='bbox 1294 455 1334 490; x_wconf 86' lang='lat' dir='ltr'>in</span> <span class='ocrx_word' id='word_1_29' title='bbox 1366 454 1539 491; x_wconf 88' lang='lat' dir='ltr'>Studem.</span> <span class='ocrx_word' id='word_1_30' title='bbox 1572 454 1684 492; x_wconf 88' lang='lat' dir='ltr'>Stud.</span> <span class='ocrx_word' id='word_1_31' title='bbox 1702 455 1735 502; x_wconf 86' lang='grc' dir='ltr'>Ι,</span> 
     </span>
     <span class='ocr_line' id='line_1_5' title="bbox 243 518 1733 572; baseline 0.002 -14"><span class='ocrx_word' id='word_1_32' title='bbox 243 534 282 570; x_wconf 90' lang='lat' dir='ltr'>p.</span> <span class='ocrx_word' id='word_1_33' title='bbox 317 522 418 558; x_wconf 89' lang='lat'>260:</span> <span class='ocrx_word' id='word_1_34' title='bbox 461 522 566 568; x_wconf 88' lang='lat' dir='ltr'>„scio</span> <span class='ocrx_word' id='word_1_35' title='bbox 606 533 675 558; x_wconf 91' lang='lat' dir='ltr'>uos</span> <span class='ocrx_word' id='word_1_36' title='bbox 707 519 825 571; x_wconf 73' lang='lat' dir='ltr'>quo‘&#39;&#39;.</span> <span class='ocrx_word' id='word_1_37' title='bbox 857 541 913 546; x_wconf 91' lang='lat'>———</span> <span class='ocrx_word' id='word_1_38' title='bbox 933 518 1221 569; x_wconf 61' lang='lat' dir='ltr'>pezpleoearier</span> <span class='ocrx_word' id='word_1_39' title='bbox 1257 522 1282 559; x_wconf 91' lang='lat' dir='ltr'>i.</span> <span class='ocrx_word' id='word_1_40' title='bbox 1316 534 1348 559; x_wconf 92' lang='lat' dir='ltr'>e.</span> <span class='ocrx_word' id='word_1_41' title='bbox 1380 522 1567 572; x_wconf 85' lang='lat' dir='ltr'>perplexe</span> <span class='ocrx_word' id='word_1_42' title='bbox 1606 536 1733 572; x_wconf 84' lang='lat' dir='ltr'>agere,</span> 
     </span>
     <span class='ocr_line' id='line_1_6' title="bbox 245 588 1732 639; baseline 0.003 -14"><span class='ocrx_word' id='word_1_43' title='bbox 245 589 292 626; x_wconf 84' lang='lat' dir='ltr'>cf.</span> <span class='ocrx_word' id='word_1_44' title='bbox 339 589 425 626; x_wconf 90' lang='lat' dir='ltr'>Ter.</span> <span class='ocrx_word' id='word_1_45' title='bbox 482 588 583 627; x_wconf 89' lang='lat' dir='ltr'>Eun.</span> <span class='ocrx_word' id='word_1_46' title='bbox 633 590 732 626; x_wconf 85' lang='lat'>817:</span> <span class='ocrx_word' id='word_1_47' title='bbox 800 590 1011 639; x_wconf 76' lang='lat' dir='ltr'>„perplexe</span> <span class='ocrx_word' id='word_1_48' title='bbox 1057 588 1207 639; x_wconf 74' lang='lat' dir='ltr'>loqui“.</span> <span class='ocrx_word' id='word_1_49' title='bbox 1296 589 1426 627; x_wconf 84' lang='lat' dir='ltr'>Plaut.</span> <span class='ocrx_word' id='word_1_50' title='bbox 1474 591 1582 628; x_wconf 85' lang='lat' dir='ltr'>Asin.</span> <span class='ocrx_word' id='word_1_51' title='bbox 1631 593 1732 629; x_wconf 83' lang='lat'>785:</span> 
     </span>
     <span class='ocr_line' id='line_1_7' title="bbox 249 656 1731 707; baseline 0.002 -14"><span class='ocrx_word' id='word_1_52' title='bbox 249 656 434 703; x_wconf 89' lang='lat' dir='ltr'>„uerbum</span> <span class='ocrx_word' id='word_1_53' title='bbox 463 656 772 707; x_wconf 76' lang='lat' dir='ltr'>perplexabile“.</span> <span class='ocrx_word' id='word_1_54' title='bbox 835 658 920 695; x_wconf 91' lang='lat' dir='ltr'>Mil.</span> <span class='ocrx_word' id='word_1_55' title='bbox 939 659 1039 695; x_wconf 85' lang='lat'>437:</span> <span class='ocrx_word' id='word_1_56' title='bbox 1087 658 1296 707; x_wconf 82' lang='lat' dir='ltr'>„perplexo</span> <span class='ocrx_word' id='word_1_57' title='bbox 1328 657 1525 695; x_wconf 74' lang='lat' dir='ltr'>nomine“.</span> <span class='ocrx_word' id='word_1_58' title='bbox 1554 678 1602 683; x_wconf 94' lang='lat'>—</span> <span class='ocrx_word' id='word_1_59' title='bbox 1639 660 1731 697; x_wconf 88' lang='lat'>252.</span> 
     </span>
     <span class='ocr_line' id='line_1_8' title="bbox 244 721 1735 777; baseline 0.003 -15"><span class='ocrx_word' id='word_1_60' title='bbox 244 722 356 774; x_wconf 73' lang='lat' dir='ltr'>quod</span> <span class='ocrx_word' id='word_1_61' title='bbox 392 721 513 763; x_wconf 75' lang='lat' dir='ltr'>uobis</span> <span class='ocrx_word' id='word_1_62' title='bbox 555 723 680 772; x_wconf 72' lang='lat' dir='ltr'>lubet,</span> <span class='ocrx_word' id='word_1_63' title='bbox 728 727 752 763; x_wconf 92' lang='lat' dir='ltr'>i.</span> <span class='ocrx_word' id='word_1_64' title='bbox 786 739 817 763; x_wconf 91' lang='lat' dir='ltr'>e.</span> <span class='ocrx_word' id='word_1_65' title='bbox 852 729 1040 775; x_wconf 86' lang='lat' dir='ltr'>quantum</span> <span class='ocrx_word' id='word_1_66' title='bbox 1080 726 1207 772; x_wconf 86' lang='lat' dir='ltr'>lubet,</span> <span class='ocrx_word' id='word_1_67' title='bbox 1255 726 1300 764; x_wconf 92' lang='lat' dir='ltr'>cf.</span> <span class='ocrx_word' id='word_1_68' title='bbox 1335 726 1418 764; x_wconf 88' lang='lat' dir='ltr'>Cas.</span> <span class='ocrx_word' id='word_1_69' title='bbox 1453 728 1552 764; x_wconf 87' lang='lat'>927:</span> <span class='ocrx_word' id='word_1_70' title='bbox 1606 729 1735 777; x_wconf 82' lang='lat' dir='ltr'>„quod</span> 
     </span>
     <span class='ocr_line' id='line_1_9' title="bbox 242 791 1732 845; baseline 0.003 -16"><span class='ocrx_word' id='word_1_71' title='bbox 242 791 392 830; x_wconf 71' lang='lat' dir='ltr'>uolet“.</span> <span class='ocrx_word' id='word_1_72' title='bbox 453 793 563 843; x_wconf 89' lang='lat' dir='ltr'>Capt.</span> <span class='ocrx_word' id='word_1_73' title='bbox 599 796 698 832; x_wconf 87' lang='lat'>664:</span> <span class='ocrx_word' id='word_1_74' title='bbox 736 794 866 844; x_wconf 79' lang='lat' dir='ltr'>„quod</span> <span class='ocrx_word' id='word_1_75' title='bbox 897 797 937 831; x_wconf 93' lang='lat' dir='ltr'>in</span> <span class='ocrx_word' id='word_1_76' title='bbox 967 798 1005 831; x_wconf 91' lang='lat' dir='ltr'>te</span> <span class='ocrx_word' id='word_1_77' title='bbox 1036 792 1151 844; x_wconf 46' lang='lat' dir='ltr'>fqit‘fl</span> <span class='ocrx_word' id='word_1_78' title='bbox 1212 794 1296 831; x_wconf 93' lang='lat' dir='ltr'>Mil.</span> <span class='ocrx_word' id='word_1_79' title='bbox 1334 796 1461 832; x_wconf 88' lang='lat'>1153:</span> <span class='ocrx_word' id='word_1_80' title='bbox 1500 795 1629 845; x_wconf 78' lang='lat' dir='ltr'>„quod</span> <span class='ocrx_word' id='word_1_81' title='bbox 1661 808 1732 844; x_wconf 82' lang='lat' dir='ltr'>ego</span> 
     </span>
     <span class='ocr_line' id='line_1_10' title="bbox 241 860 1734 913; baseline 0.002 -16"><span class='ocrx_word' id='word_1_82' title='bbox 241 860 422 910; x_wconf 86' lang='lat' dir='ltr'>potero‘&#39;.</span> <span class='ocrx_word' id='word_1_83' title='bbox 484 861 572 900; x_wconf 89' lang='lat' dir='ltr'>Ter.</span> <span class='ocrx_word' id='word_1_84' title='bbox 604 862 743 900; x_wconf 89' lang='lat' dir='ltr'>Heaut.</span> <span class='ocrx_word' id='word_1_85' title='bbox 777 863 871 900; x_wconf 84' lang='lat'>416.</span> <span class='ocrx_word' id='word_1_86' title='bbox 909 864 1014 900; x_wconf 82' lang='lat'>1038</span> <span class='ocrx_word' id='word_1_87' title='bbox 1046 864 1153 900; x_wconf 88' lang='lat' dir='ltr'>item.</span> <span class='ocrx_word' id='word_1_88' title='bbox 1200 862 1300 900; x_wconf 88' lang='lat' dir='ltr'>Eun.</span> <span class='ocrx_word' id='word_1_89' title='bbox 1336 864 1429 900; x_wconf 87' lang='lat'>214.</span> <span class='ocrx_word' id='word_1_90' title='bbox 1464 865 1565 901; x_wconf 87' lang='lat'>215:</span> <span class='ocrx_word' id='word_1_91' title='bbox 1603 865 1734 913; x_wconf 87' lang='lat' dir='ltr'>„quod</span> 
     </span>
     <span class='ocr_line' id='line_1_11' title="bbox 242 928 1735 980; baseline 0.003 -14"><span class='ocrx_word' id='word_1_92' title='bbox 242 928 430 978; x_wconf 72' lang='lat' dir='ltr'>poteris.“</span> <span class='ocrx_word' id='word_1_93' title='bbox 495 930 615 968; x_wconf 85' lang='lat' dir='ltr'>Cicer.</span> <span class='ocrx_word' id='word_1_94' title='bbox 649 930 698 966; x_wconf 92' lang='lat' dir='ltr'>ad</span> <span class='ocrx_word' id='word_1_95' title='bbox 737 931 859 968; x_wconf 85' lang='lat' dir='ltr'>Attio.</span> <span class='ocrx_word' id='word_1_96' title='bbox 891 930 927 977; x_wconf 96' lang='lat' dir='ltr'>I,</span> <span class='ocrx_word' id='word_1_97' title='bbox 973 933 1013 976; x_wconf 87' lang='lat'>5,</span> <span class='ocrx_word' id='word_1_98' title='bbox 1056 932 1100 967; x_wconf 90' lang='lat'>7:</span> <span class='ocrx_word' id='word_1_99' title='bbox 1154 930 1283 980; x_wconf 80' lang='lat' dir='ltr'>„quod</span> <span class='ocrx_word' id='word_1_100' title='bbox 1321 931 1404 967; x_wconf 89' lang='lat' dir='ltr'>sine</span> <span class='ocrx_word' id='word_1_101' title='bbox 1444 932 1627 969; x_wconf 84' lang='lat' dir='ltr'>molestia</span> <span class='ocrx_word' id='word_1_102' title='bbox 1666 936 1735 970; x_wconf 77' lang='lat' dir='ltr'>tua</span> 
     </span>
     <span class='ocr_line' id='line_1_12' title="bbox 241 997 1734 1049; baseline 0.002 -15"><span class='ocrx_word' id='word_1_103' title='bbox 241 997 370 1034; x_wconf 82' lang='lat' dir='ltr'>facere</span> <span class='ocrx_word' id='word_1_104' title='bbox 400 997 595 1047; x_wconf 80' lang='lat' dir='ltr'>poteris“;</span> <span class='ocrx_word' id='word_1_105' title='bbox 630 1011 866 1048; x_wconf 88' lang='lat' dir='ltr'>quamquam</span> <span class='ocrx_word' id='word_1_106' title='bbox 892 998 1027 1036; x_wconf 88' lang='lat' dir='ltr'>Cicero</span> <span class='ocrx_word' id='word_1_107' title='bbox 1058 1000 1201 1049; x_wconf 81' lang='lat' dir='ltr'>saepius</span> <span class='ocrx_word' id='word_1_108' title='bbox 1233 1000 1273 1036; x_wconf 88' lang='lat' dir='ltr'>in</span> <span class='ocrx_word' id='word_1_109' title='bbox 1304 999 1494 1037; x_wconf 89' lang='lat' dir='ltr'>eiusmodi</span> <span class='ocrx_word' id='word_1_110' title='bbox 1527 1002 1734 1038; x_wconf 85' lang='lat' dir='ltr'>sententiis</span> 
     </span>
     <span class='ocr_line' id='line_1_13' title="bbox 243 1066 1735 1118; baseline 0.002 -16"><span class='ocrx_word' id='word_1_111' title='bbox 243 1067 536 1116; x_wconf 77' lang='lat' dir='ltr'>coniunctivum</span> <span class='ocrx_word' id='word_1_112' title='bbox 560 1068 686 1116; x_wconf 86' lang='lat' dir='ltr'>ponit,</span> <span class='ocrx_word' id='word_1_113' title='bbox 719 1081 755 1105; x_wconf 90' lang='lat' dir='ltr'>v.</span> <span class='ocrx_word' id='word_1_114' title='bbox 780 1067 913 1104; x_wconf 85' lang='lat' dir='ltr'>Madv.</span> <span class='ocrx_word' id='word_1_115' title='bbox 939 1066 1005 1105; x_wconf 86' lang='lat' dir='ltr'>Gr.</span> <span class='ocrx_word' id='word_1_116' title='bbox 1032 1067 1118 1105; x_wconf 91' lang='lat' dir='ltr'>Lat.</span> <span class='ocrx_word' id='word_1_117' title='bbox 1149 1069 1240 1114; x_wconf 85' lang='lat'>364,</span> <span class='ocrx_word' id='word_1_118' title='bbox 1281 1072 1361 1104; x_wconf 90' lang='lat' dir='ltr'>not.</span> <span class='ocrx_word' id='word_1_119' title='bbox 1395 1069 1431 1106; x_wconf 87' lang='lat'>2.</span> <span class='ocrx_word' id='word_1_120' title='bbox 1491 1068 1599 1106; x_wconf 86' lang='lat' dir='ltr'><strong>Alibi</strong></span> <span class='ocrx_word' id='word_1_121' title='bbox 1631 1068 1735 1118; x_wconf 87' lang='lat' dir='ltr'>apud</span> 
     </span>
     <span class='ocr_line' id='line_1_14' title="bbox 242 1133 1781 1187; baseline 0.003 -17"><span class='ocrx_word' id='word_1_122' title='bbox 242 1133 427 1171; x_wconf 83' lang='lat' dir='ltr'>Plautum</span> <span class='ocrx_word' id='word_1_123' title='bbox 465 1133 661 1183; x_wconf 78' lang='lat' dir='ltr'>„quoad“,</span> <span class='ocrx_word' id='word_1_124' title='bbox 693 1139 738 1172; x_wconf 90' lang='lat' dir='ltr'>ut</span> <span class='ocrx_word' id='word_1_125' title='bbox 767 1135 876 1172; x_wconf 89' lang='lat' dir='ltr'>Asin.</span> <span class='ocrx_word' id='word_1_126' title='bbox 910 1137 1009 1172; x_wconf 87' lang='lat'>294:</span> <span class='ocrx_word' id='word_1_127' title='bbox 1061 1135 1217 1185; x_wconf 82' lang='lat' dir='ltr'>„quoad</span> <span class='ocrx_word' id='word_1_128' title='bbox 1257 1136 1362 1173; x_wconf 85' lang='lat' dir='ltr'>uires</span> <span class='ocrx_word' id='word_1_129' title='bbox 1393 1135 1563 1174; x_wconf 74' lang='lat' dir='ltr'>ualent.“</span> <span class='ocrx_word' id='word_1_130' title='bbox 1627 1136 1733 1174; x_wconf 85' lang='lat' dir='ltr'>Men.</span> <span class='ocrx_word' id='word_1_131' title='bbox 1774 1185 1781 1187; x_wconf 60' lang='lat'><em>„</em></span> 
     </span>
     <span class='ocr_line' id='line_1_15' title="bbox 242 1202 1735 1255; baseline 0.002 -16"><span class='ocrx_word' id='word_1_132' title='bbox 242 1203 343 1240; x_wconf 85' lang='lat'>758:</span> <span class='ocrx_word' id='word_1_133' title='bbox 380 1206 466 1250; x_wconf 86' lang='lat' dir='ltr'>„est</span> <span class='ocrx_word' id='word_1_134' title='bbox 482 1202 622 1240; x_wconf 89' lang='lat' dir='ltr'>modus</span> <span class='ocrx_word' id='word_1_135' title='bbox 638 1206 781 1250; x_wconf 88' lang='lat' dir='ltr'>tamen,</span> <span class='ocrx_word' id='word_1_136' title='bbox 804 1203 934 1252; x_wconf 89' lang='lat' dir='ltr'>quoad</span> <span class='ocrx_word' id='word_1_137' title='bbox 950 1205 1034 1252; x_wconf 86' lang='lat' dir='ltr'>pati</span> <span class='ocrx_word' id='word_1_138' title='bbox 1051 1216 1215 1241; x_wconf 88' lang='lat' dir='ltr'>uxorem</span> <span class='ocrx_word' id='word_1_139' title='bbox 1234 1202 1430 1253; x_wconf 78' lang='lat' dir='ltr'>oportet“.</span> <span class='ocrx_word' id='word_1_140' title='bbox 1470 1205 1610 1254; x_wconf 88' lang='lat' dir='ltr'>Itaque</span> <span class='ocrx_word' id='word_1_141' title='bbox 1629 1205 1735 1255; x_wconf 92' lang='lat' dir='ltr'>quod</span> 
     </span>
     <span class='ocr_line' id='line_1_16' title="bbox 239 1269 1734 1322; baseline 0.003 -15"><span class='ocrx_word' id='word_1_142' title='bbox 239 1269 411 1317; x_wconf 52' lang='lat' dir='ltr'>Mffller„</span> <span class='ocrx_word' id='word_1_143' title='bbox 429 1271 591 1308; x_wconf 87' lang='lat' dir='ltr'>Nachtr.</span> <span class='ocrx_word' id='word_1_144' title='bbox 611 1285 649 1321; x_wconf 91' lang='lat' dir='ltr'>p.</span> <span class='ocrx_word' id='word_1_145' title='bbox 672 1272 720 1309; x_wconf 85' lang='lat'>33</span> <span class='ocrx_word' id='word_1_146' title='bbox 743 1270 908 1321; x_wconf 83' lang='lat' dir='ltr'>„quom“</span> <span class='ocrx_word' id='word_1_147' title='bbox 934 1272 1111 1318; x_wconf 83' lang='lat' dir='ltr'>coniecit,</span> <span class='ocrx_word' id='word_1_148' title='bbox 1130 1285 1174 1309; x_wconf 88' lang='lat' dir='ltr'>eo</span> <span class='ocrx_word' id='word_1_149' title='bbox 1191 1285 1269 1310; x_wconf 91' lang='lat' dir='ltr'>non</span> <span class='ocrx_word' id='word_1_150' title='bbox 1286 1285 1395 1322; x_wconf 90' lang='lat' dir='ltr'>opus.</span> <span class='ocrx_word' id='word_1_151' title='bbox 1413 1292 1468 1297; x_wconf 78' lang='lat'>—-</span> <span class='ocrx_word' id='word_1_152' title='bbox 1492 1272 1584 1310; x_wconf 86' lang='lat'>254.</span> <span class='ocrx_word' id='word_1_153' title='bbox 1603 1270 1734 1322; x_wconf 77' lang='lat' dir='ltr'>facia-</span> 
     </span>
     <span class='ocr_line' id='line_1_17' title="bbox 239 1336 1733 1391; baseline 0.002 -16"><span class='ocrx_word' id='word_1_154' title='bbox 239 1348 332 1376; x_wconf 75' lang='lat' dir='ltr'>mus</span> <span class='ocrx_word' id='word_1_155' title='bbox 355 1338 448 1376; x_wconf 85' lang='lat' dir='ltr'>olim</span> <span class='ocrx_word' id='word_1_156' title='bbox 467 1340 737 1386; x_wconf 56' lang='lat' dir='ltr'>emendatum</span> <span class='ocrx_word' id='word_1_157' title='bbox 772 1341 818 1378; x_wconf 90' lang='lat' dir='ltr'>cf.</span> <span class='ocrx_word' id='word_1_158' title='bbox 836 1341 885 1378; x_wconf 85' lang='lat' dir='ltr'>ad</span> <span class='ocrx_word' id='word_1_159' title='bbox 901 1341 1043 1391; x_wconf 87' lang='lat' dir='ltr'>Amph.</span> <span class='ocrx_word' id='word_1_160' title='bbox 1064 1342 1157 1378; x_wconf 83' lang='grc'><strong>845.</strong></span> <span class='ocrx_word' id='word_1_161' title='bbox 1175 1360 1230 1365; x_wconf 88' lang='grc'>-</span> <span class='ocrx_word' id='word_1_162' title='bbox 1245 1336 1379 1378; x_wconf 82' lang='lat' dir='ltr'>Immo</span> <span class='ocrx_word' id='word_1_163' title='bbox 1398 1337 1541 1389; x_wconf 73' lang='lat' dir='ltr'>edepol</span> <span class='ocrx_word' id='word_1_164' title='bbox 1557 1341 1733 1389; x_wconf 74' lang='lat' dir='ltr'>optuma,</span> 
     </span>
     <span class='ocr_line' id='line_1_18' title="bbox 240 1406 1735 1458; baseline 0.002 -15"><span class='ocrx_word' id='word_1_165' title='bbox 240 1407 294 1444; x_wconf 92' lang='lat' dir='ltr'>sic</span> <span class='ocrx_word' id='word_1_166' title='bbox 336 1406 469 1454; x_wconf 89' lang='lat' dir='ltr'>codd.‚</span> <span class='ocrx_word' id='word_1_167' title='bbox 516 1407 622 1456; x_wconf 88' lang='lat' dir='ltr'>quod</span> <span class='ocrx_word' id='word_1_168' title='bbox 660 1409 693 1445; x_wconf 88' lang='lat' dir='ltr'>si</span> <span class='ocrx_word' id='word_1_169' title='bbox 734 1409 820 1458; x_wconf 85' lang='lat' dir='ltr'>quis</span> <span class='ocrx_word' id='word_1_170' title='bbox 859 1409 1106 1446; x_wconf 85' lang='lat' dir='ltr'>retinendum</span> <span class='ocrx_word' id='word_1_171' title='bbox 1145 1412 1296 1455; x_wconf 91' lang='lat' dir='ltr'>censet,</span> <span class='ocrx_word' id='word_1_172' title='bbox 1342 1422 1497 1446; x_wconf 85' lang='lat' dir='ltr'>versum</span> <span class='ocrx_word' id='word_1_173' title='bbox 1540 1409 1735 1447; x_wconf 81' lang='lat' dir='ltr'>excidisse</span> 
     </span>
     <span class='ocr_line' id='line_1_19' title="bbox 241 1476 1734 1526; baseline 0.002 -14"><span class='ocrx_word' id='word_1_174' title='bbox 241 1479 392 1512; x_wconf 83' lang='lat' dir='ltr'>statuat</span> <span class='ocrx_word' id='word_1_175' title='bbox 422 1488 580 1513; x_wconf 89' lang='lat' dir='ltr'>necesse</span> <span class='ocrx_word' id='word_1_176' title='bbox 613 1479 681 1513; x_wconf 88' lang='lat' dir='ltr'>est.</span> <span class='ocrx_word' id='word_1_177' title='bbox 742 1476 842 1514; x_wconf 88' lang='lat' dir='ltr'>Nam</span> <span class='ocrx_word' id='word_1_178' title='bbox 874 1479 905 1515; x_wconf 89' lang='lat' dir='ltr'>si</span> <span class='ocrx_word' id='word_1_179' title='bbox 930 1477 1069 1514; x_wconf 86' lang='lat' dir='ltr'>Euclio</span> <span class='ocrx_word' id='word_1_180' title='bbox 1101 1478 1289 1526; x_wconf 78' lang='lat' dir='ltr'>optimam</span> <span class='ocrx_word' id='word_1_181' title='bbox 1320 1490 1404 1514; x_wconf 90' lang='lat' dir='ltr'>esse</span> <span class='ocrx_word' id='word_1_182' title='bbox 1436 1491 1589 1515; x_wconf 89' lang='lat' dir='ltr'>causam</span> <span class='ocrx_word' id='word_1_183' title='bbox 1621 1477 1734 1525; x_wconf 86' lang='lat' dir='ltr'>dixit,</span> 
     </span>
     <span class='ocr_line' id='line_1_20' title="bbox 242 1544 1733 1595; baseline 0.001 -14"><span class='ocrx_word' id='word_1_184' title='bbox 242 1556 310 1581; x_wconf 92' lang='lat' dir='ltr'>cur</span> <span class='ocrx_word' id='word_1_185' title='bbox 340 1544 485 1593; x_wconf 82' lang='lat' dir='ltr'>nuptiae</span> <span class='ocrx_word' id='word_1_186' title='bbox 516 1557 595 1582; x_wconf 91' lang='lat' dir='ltr'>non</span> <span class='ocrx_word' id='word_1_187' title='bbox 624 1544 786 1592; x_wconf 90' lang='lat' dir='ltr'>fierent,</span> <span class='ocrx_word' id='word_1_188' title='bbox 829 1558 907 1582; x_wconf 89' lang='lat' dir='ltr'>non</span> <span class='ocrx_word' id='word_1_189' title='bbox 944 1546 1077 1595; x_wconf 77' lang='lat' dir='ltr'>potuit</span> <span class='ocrx_word' id='word_1_190' title='bbox 1115 1558 1193 1582; x_wconf 91' lang='lat' dir='ltr'>non</span> <span class='ocrx_word' id='word_1_191' title='bbox 1225 1558 1381 1583; x_wconf 88' lang='lat' dir='ltr'>causam</span> <span class='ocrx_word' id='word_1_192' title='bbox 1413 1546 1577 1592; x_wconf 82' lang='lat' dir='ltr'>addere,</span> <span class='ocrx_word' id='word_1_193' title='bbox 1623 1546 1733 1583; x_wconf 85' lang='lat' dir='ltr'>velut</span> 
     </span>
     <span class='ocr_line' id='line_1_21' title="bbox 242 1611 1733 1664; baseline 0.003 -17"><span class='ocrx_word' id='word_1_194' title='bbox 242 1624 281 1647; x_wconf 91' lang='lat' dir='ltr'>se</span> <span class='ocrx_word' id='word_1_195' title='bbox 314 1624 392 1648; x_wconf 88' lang='lat' dir='ltr'>non</span> <span class='ocrx_word' id='word_1_196' title='bbox 423 1611 567 1649; x_wconf 88' lang='lat' dir='ltr'>habere</span> <span class='ocrx_word' id='word_1_197' title='bbox 598 1612 703 1650; x_wconf 90' lang='lat' dir='ltr'>unde</span> <span class='ocrx_word' id='word_1_198' title='bbox 743 1614 959 1662; x_wconf 76' lang='lat' dir='ltr'>nuptialem</span> <span class='ocrx_word' id='word_1_199' title='bbox 1006 1627 1138 1650; x_wconf 86' lang='lat' dir='ltr'>cenam</span> <span class='ocrx_word' id='word_1_200' title='bbox 1185 1614 1349 1660; x_wconf 90' lang='lat' dir='ltr'>faceret,</span> <span class='ocrx_word' id='word_1_201' title='bbox 1399 1618 1437 1651; x_wconf 89' lang='lat' dir='ltr'>et</span> <span class='ocrx_word' id='word_1_202' title='bbox 1476 1614 1733 1664; x_wconf 84' lang='lat' dir='ltr'>Megadorum</span> 
     </span>
     <span class='ocr_line' id='line_1_22' title="bbox 240 1680 1734 1730; baseline 0.003 -14"><span class='ocrx_word' id='word_1_203' title='bbox 240 1680 478 1729; x_wconf 89' lang='lat' dir='ltr'>respondere</span> <span class='ocrx_word' id='word_1_204' title='bbox 510 1681 706 1730; x_wconf 82' lang='lat' dir='ltr'>oportuit,</span> <span class='ocrx_word' id='word_1_205' title='bbox 750 1694 861 1718; x_wconf 88' lang='lat' dir='ltr'>suam</span> <span class='ocrx_word' id='word_1_206' title='bbox 893 1681 992 1719; x_wconf 88' lang='lat' dir='ltr'>hanc</span> <span class='ocrx_word' id='word_1_207' title='bbox 1029 1689 1161 1719; x_wconf 83' lang='lat' dir='ltr'>curam</span> <span class='ocrx_word' id='word_1_208' title='bbox 1192 1682 1289 1720; x_wconf 89' lang='lat' dir='ltr'>fore.</span> <span class='ocrx_word' id='word_1_209' title='bbox 1378 1682 1523 1720; x_wconf 86' lang='lat' dir='ltr'>Verum</span> <span class='ocrx_word' id='word_1_210' title='bbox 1552 1683 1734 1720; x_wconf 87' lang='lat' dir='ltr'>Euclioni</span> 
     </span>
     <span class='ocr_line' id='line_1_23' title="bbox 240 1749 1733 1801; baseline 0.003 -17"><span class='ocrx_word' id='word_1_211' title='bbox 240 1761 289 1785; x_wconf 90' lang='lat' dir='ltr'>ne</span> <span class='ocrx_word' id='word_1_212' title='bbox 321 1750 361 1785; x_wconf 88' lang='lat' dir='ltr'>in</span> <span class='ocrx_word' id='word_1_213' title='bbox 393 1753 564 1786; x_wconf 79' lang='lat' dir='ltr'>mentem</span> <span class='ocrx_word' id='word_1_214' title='bbox 596 1749 754 1798; x_wconf 84' lang='lat' dir='ltr'>quidem</span> <span class='ocrx_word' id='word_1_215' title='bbox 783 1751 894 1787; x_wconf 86' lang='lat' dir='ltr'>venit</span> <span class='ocrx_word' id='word_1_216' title='bbox 925 1750 1001 1787; x_wconf 87' lang='lat' dir='ltr'>sibi</span> <span class='ocrx_word' id='word_1_217' title='bbox 1030 1750 1151 1787; x_wconf 88' lang='lat' dir='ltr'>talem</span> <span class='ocrx_word' id='word_1_218' title='bbox 1182 1754 1382 1800; x_wconf 85' lang='lat' dir='ltr'>sumptum</span> <span class='ocrx_word' id='word_1_219' title='bbox 1423 1752 1574 1800; x_wconf 87' lang='lat' dir='ltr'>imponi</span> <span class='ocrx_word' id='word_1_220' title='bbox 1605 1764 1733 1801; x_wconf 88' lang='lat' dir='ltr'>posse.</span> 
     </span>
     <span class='ocr_line' id='line_1_24' title="bbox 239 1816 1734 1868; baseline 0.003 -15"><span class='ocrx_word' id='word_1_221' title='bbox 239 1816 417 1866; x_wconf 77' lang='lat' dir='ltr'>Apparet</span> <span class='ocrx_word' id='word_1_222' title='bbox 450 1829 538 1853; x_wconf 90' lang='lat' dir='ltr'>eum</span> <span class='ocrx_word' id='word_1_223' title='bbox 576 1831 656 1854; x_wconf 91' lang='lat' dir='ltr'>non</span> <span class='ocrx_word' id='word_1_224' title='bbox 696 1830 928 1868; x_wconf 85' lang='lat' dir='ltr'>repugnare,</span> <span class='ocrx_word' id='word_1_225' title='bbox 977 1831 1054 1867; x_wconf 90' lang='lat' dir='ltr'>quo</span> <span class='ocrx_word' id='word_1_226' title='bbox 1094 1819 1222 1855; x_wconf 89' lang='lat' dir='ltr'>minus</span> <span class='ocrx_word' id='word_1_227' title='bbox 1262 1820 1411 1868; x_wconf 85' lang='lat' dir='ltr'>nuptiae</span> <span class='ocrx_word' id='word_1_228' title='bbox 1450 1821 1583 1857; x_wconf 83' lang='lat' dir='ltr'>statim</span> <span class='ocrx_word' id='word_1_229' title='bbox 1622 1819 1734 1867; x_wconf 89' lang='lat' dir='ltr'>fiant,</span> 
     </span>
     <span class='ocr_line' id='line_1_25' title="bbox 241 1885 1734 1935; baseline 0.003 -14"><span class='ocrx_word' id='word_1_230' title='bbox 241 1885 309 1922; x_wconf 90' lang='lat' dir='ltr'>sed</span> <span class='ocrx_word' id='word_1_231' title='bbox 346 1887 541 1923; x_wconf 77' lang='lat' dir='ltr'>assentiri.</span> <span class='ocrx_word' id='word_1_232' title='bbox 611 1886 673 1924; x_wconf 90' lang='lat' dir='ltr'>Sic</span> <span class='ocrx_word' id='word_1_233' title='bbox 711 1890 842 1924; x_wconf 89' lang='lat' dir='ltr'>autem</span> <span class='ocrx_word' id='word_1_234' title='bbox 882 1886 1106 1933; x_wconf 89' lang='lat' dir='ltr'>dicendum,</span> <span class='ocrx_word' id='word_1_235' title='bbox 1154 1891 1223 1924; x_wconf 89' lang='lat' dir='ltr'>aut</span> <span class='ocrx_word' id='word_1_236' title='bbox 1260 1888 1408 1924; x_wconf 89' lang='lat' dir='ltr'>nullam</span> <span class='ocrx_word' id='word_1_237' title='bbox 1449 1901 1603 1925; x_wconf 84' lang='lat' dir='ltr'>causam</span> <span class='ocrx_word' id='word_1_238' title='bbox 1636 1901 1734 1935; x_wconf 90' lang='lat' dir='ltr'>esse,</span> 
     </span>
     <span class='ocr_line' id='line_1_26' title="bbox 239 1953 1731 2004; baseline 0.003 -14"><span class='ocrx_word' id='word_1_239' title='bbox 239 1956 284 1990; x_wconf 88' lang='lat' dir='ltr'>ut</span> <span class='ocrx_word' id='word_1_240' title='bbox 313 1953 454 2003; x_wconf 80' lang='lat' dir='ltr'>Amph.</span> <span class='ocrx_word' id='word_1_241' title='bbox 487 1954 512 1991; x_wconf 90' lang='lat' dir='ltr'>l.</span> <span class='ocrx_word' id='word_1_242' title='bbox 546 1954 584 2001; x_wconf 91' lang='lat' dir='ltr'>l.,</span> <span class='ocrx_word' id='word_1_243' title='bbox 632 1958 700 1992; x_wconf 88' lang='lat' dir='ltr'>aut</span> <span class='ocrx_word' id='word_1_244' title='bbox 732 1955 964 2004; x_wconf 82' lang='lat' dir='ltr'>simpliciter</span> <span class='ocrx_word' id='word_1_245' title='bbox 1004 1955 1209 1992; x_wconf 89' lang='lat' dir='ltr'>consilium</span> <span class='ocrx_word' id='word_1_246' title='bbox 1239 1955 1508 2004; x_wconf 84' lang='lat' dir='ltr'>probandum,</span> <span class='ocrx_word' id='word_1_247' title='bbox 1548 1961 1593 1992; x_wconf 90' lang='lat' dir='ltr'>ut</span> <span class='ocrx_word' id='word_1_248' title='bbox 1624 1956 1731 1994; x_wconf 89' lang='lat' dir='ltr'>Trin.</span> 
     </span>
     <span class='ocr_line' id='line_1_27' title="bbox 243 2021 1732 2072; baseline 0.003 -15"><span class='ocrx_word' id='word_1_249' title='bbox 243 2021 369 2057; x_wconf 82' lang='lat'>1188:</span> <span class='ocrx_word' id='word_1_250' title='bbox 422 2021 547 2067; x_wconf 82' lang='lat' dir='ltr'>„Num</span> <span class='ocrx_word' id='word_1_251' title='bbox 587 2022 682 2072; x_wconf 91' lang='lat' dir='ltr'>quid</span> <span class='ocrx_word' id='word_1_252' title='bbox 722 2027 904 2060; x_wconf 75' lang='lat' dir='ltr'>causaest</span> <span class='ocrx_word' id='word_1_253' title='bbox 941 2024 1036 2072; x_wconf 88' lang='lat' dir='ltr'>quin</span> <span class='ocrx_word' id='word_1_254' title='bbox 1066 2035 1228 2060; x_wconf 87' lang='lat' dir='ltr'>uxorem</span> <span class='ocrx_word' id='word_1_255' title='bbox 1261 2036 1345 2060; x_wconf 87' lang='lat' dir='ltr'>cras</span> <span class='ocrx_word' id='word_1_256' title='bbox 1376 2023 1533 2061; x_wconf 89' lang='lat' dir='ltr'>domum</span> <span class='ocrx_word' id='word_1_257' title='bbox 1567 2023 1732 2061; x_wconf 80' lang='lat' dir='ltr'>ducam?</span> 
     </span>
     <span class='ocr_line' id='line_1_28' title="bbox 240 2088 1732 2142; baseline 0.003 -16"><span class='ocrx_word' id='word_1_258' title='bbox 240 2088 319 2126; x_wconf 92' lang='lat' dir='ltr'>CH.</span> <span class='ocrx_word' id='word_1_259' title='bbox 354 2088 647 2138; x_wconf 75' lang='lat' dir='ltr'>Optumumst.“</span> <span class='ocrx_word' id='word_1_260' title='bbox 711 2090 850 2140; x_wconf 88' lang='lat' dir='ltr'>Itaque</span> <span class='ocrx_word' id='word_1_261' title='bbox 885 2091 976 2128; x_wconf 90' lang='lat' dir='ltr'>olim</span> <span class='ocrx_word' id='word_1_262' title='bbox 1008 2095 1047 2128; x_wconf 90' lang='lat' dir='ltr'>et</span> <span class='ocrx_word' id='word_1_263' title='bbox 1078 2091 1142 2128; x_wconf 92' lang='lat' dir='ltr'>hic</span> <span class='ocrx_word' id='word_1_264' title='bbox 1180 2095 1219 2128; x_wconf 86' lang='lat' dir='ltr'>et</span> <span class='ocrx_word' id='word_1_265' title='bbox 1250 2091 1368 2128; x_wconf 88' lang='lat' dir='ltr'>simili</span> <span class='ocrx_word' id='word_1_266' title='bbox 1399 2092 1486 2130; x_wconf 93' lang='lat' dir='ltr'>loco</span> <span class='ocrx_word' id='word_1_267' title='bbox 1511 2092 1623 2142; x_wconf 88' lang='lat' dir='ltr'>Capt.</span> <span class='ocrx_word' id='word_1_268' title='bbox 1655 2095 1732 2131; x_wconf 82' lang='lat'>352</span> 
     </span>
     <span class='ocr_line' id='line_1_29' title="bbox 241 2156 1735 2208; baseline 0.005 -16"><span class='ocrx_word' id='word_1_269' title='bbox 241 2156 489 2194; x_wconf 86' lang='lat' dir='ltr'>emendatum</span> <span class='ocrx_word' id='word_1_270' title='bbox 521 2162 582 2195; x_wconf 90' lang='lat' dir='ltr'>est</span> <span class='ocrx_word' id='word_1_271' title='bbox 613 2158 786 2207; x_wconf 73' lang='lat' dir='ltr'>optume.</span> <span class='ocrx_word' id='word_1_272' title='bbox 833 2159 909 2197; x_wconf 86' lang='lat' dir='ltr'>Sed</span> <span class='ocrx_word' id='word_1_273' title='bbox 933 2172 1068 2197; x_wconf 83' lang='lat' dir='ltr'>versus</span> <span class='ocrx_word' id='word_1_274' title='bbox 1100 2160 1306 2208; x_wconf 83' lang='lat' dir='ltr'>claudicat,</span> <span class='ocrx_word' id='word_1_275' title='bbox 1338 2174 1428 2198; x_wconf 89' lang='lat' dir='ltr'>nam</span> <span class='ocrx_word' id='word_1_276' title='bbox 1460 2174 1537 2198; x_wconf 90' lang='lat' dir='ltr'>non</span> <span class='ocrx_word' id='word_1_277' title='bbox 1562 2165 1622 2198; x_wconf 87' lang='lat' dir='ltr'>est</span> <span class='ocrx_word' id='word_1_278' title='bbox 1650 2163 1735 2199; x_wconf 83' lang='lat' dir='ltr'>veri</span> 
     </span>
     <span class='ocr_line' id='line_1_30' title="bbox 241 2224 1735 2278; baseline 0.005 -18"><span class='ocrx_word' id='word_1_279' title='bbox 241 2225 366 2261; x_wconf 88' lang='lat' dir='ltr'>simile</span> <span class='ocrx_word' id='word_1_280' title='bbox 399 2225 572 2275; x_wconf 87' lang='lat' dir='ltr'>priorem</span> <span class='ocrx_word' id='word_1_281' title='bbox 611 2227 802 2275; x_wconf 84' lang='lat' dir='ltr'>syllabam</span> <span class='ocrx_word' id='word_1_282' title='bbox 833 2229 940 2265; x_wconf 88' lang='lat' dir='ltr'>vocis</span> <span class='ocrx_word' id='word_1_283' title='bbox 972 2224 1104 2266; x_wconf 80' lang='lat' dir='ltr'>Immo</span> <span class='ocrx_word' id='word_1_284' title='bbox 1135 2230 1293 2278; x_wconf 89' lang='lat' dir='ltr'>corripi.</span> <span class='ocrx_word' id='word_1_285' title='bbox 1356 2229 1486 2276; x_wconf 81' lang='lat' dir='ltr'>Quare</span> <span class='ocrx_word' id='word_1_286' title='bbox 1518 2230 1662 2267; x_wconf 85' lang='lat' dir='ltr'>Harius</span> <span class='ocrx_word' id='word_1_287' title='bbox 1695 2234 1735 2267; x_wconf 88' lang='lat' dir='ltr'>et</span> 
     </span>
     <span class='ocr_line' id='line_1_31' title="bbox 240 2292 1734 2348; baseline 0.005 -19"><span class='ocrx_word' id='word_1_288' title='bbox 240 2293 359 2330; x_wconf 89' lang='lat' dir='ltr'>Weis.</span> <span class='ocrx_word' id='word_1_289' title='bbox 387 2293 517 2331; x_wconf 88' lang='lat' dir='ltr'>deleto</span> <span class='ocrx_word' id='word_1_290' title='bbox 546 2292 655 2340; x_wconf 71' lang='lat' dir='ltr'>‚‚est“</span> <span class='ocrx_word' id='word_1_291' title='bbox 687 2295 775 2332; x_wconf 85' lang='lat' dir='ltr'>edd.</span> <span class='ocrx_word' id='word_1_292' title='bbox 812 2309 930 2342; x_wconf 76' lang='lat' dir='ltr'>„num</span> <span class='ocrx_word' id='word_1_293' title='bbox 962 2310 1061 2346; x_wconf 90' lang='lat' dir='ltr'>quae</span> <span class='ocrx_word' id='word_1_294' title='bbox 1092 2295 1261 2334; x_wconf 80' lang='lat' dir='ltr'>causa‘?“</span> <span class='ocrx_word' id='word_1_295' title='bbox 1311 2297 1451 2347; x_wconf 56' lang='lat' dir='ltr'>WVagn.</span> <span class='ocrx_word' id='word_1_296' title='bbox 1476 2302 1734 2348; x_wconf 85' lang='lat' dir='ltr'>„numquaest</span> 
     </span>
     <span class='ocr_line' id='line_1_32' title="bbox 241 2360 1734 2416; baseline 0.003 -18"><span class='ocrx_word' id='word_1_297' title='bbox 241 2360 409 2399; x_wconf 76' lang='lat' dir='ltr'>causa?“</span> <span class='ocrx_word' id='word_1_298' title='bbox 460 2361 566 2399; x_wconf 84' lang='lat' dir='ltr'>Brix.</span> <span class='ocrx_word' id='word_1_299' title='bbox 588 2362 734 2409; x_wconf 83' lang='lat' dir='ltr'>„Immo</span> <span class='ocrx_word' id='word_1_300' title='bbox 758 2363 888 2402; x_wconf 89' lang='lat' dir='ltr'>hercle</span> <span class='ocrx_word' id='word_1_301' title='bbox 913 2364 1114 2415; x_wconf 71' lang='lat' dir='ltr'>optume“,</span> <span class='ocrx_word' id='word_1_302' title='bbox 1140 2367 1244 2403; x_wconf 89' lang='lat' dir='ltr'>iusto</span> <span class='ocrx_word' id='word_1_303' title='bbox 1268 2366 1461 2413; x_wconf 85' lang='lat' dir='ltr'>licentius,</span> <span class='ocrx_word' id='word_1_304' title='bbox 1496 2380 1734 2416; x_wconf 87' lang='lat' dir='ltr'>quamquam</span> 
     </span>
     <span class='ocr_line' id='line_1_33' title="bbox 242 2429 1735 2483; baseline 0.003 -17"><span class='ocrx_word' id='word_1_305' title='bbox 242 2429 419 2467; x_wconf 89' lang='lat' dir='ltr'>defendit</span> <span class='ocrx_word' id='word_1_306' title='bbox 437 2431 555 2468; x_wconf 89' lang='lat' dir='ltr'>etiam</span> <span class='ocrx_word' id='word_1_307' title='bbox 573 2430 765 2479; x_wconf 64' lang='lat' dir='ltr'>Seyffert„</span> <span class='ocrx_word' id='word_1_308' title='bbox 791 2431 900 2469; x_wconf 90' lang='lat' dir='ltr'>Stud.</span> <span class='ocrx_word' id='word_1_309' title='bbox 920 2432 1051 2470; x_wconf 84' lang='lat' dir='ltr'>Plaut.</span> <span class='ocrx_word' id='word_1_310' title='bbox 1069 2447 1108 2483; x_wconf 91' lang='lat' dir='ltr'>p.</span> <span class='ocrx_word' id='word_1_311' title='bbox 1127 2435 1172 2481; x_wconf 84' lang='lat'>43</span> <span class='ocrx_word' id='word_1_312' title='bbox 1204 2434 1357 2472; x_wconf 88' lang='lat' dir='ltr'>facilius</span> <span class='ocrx_word' id='word_1_313' title='bbox 1382 2438 1450 2471; x_wconf 85' lang='lat' dir='ltr'>aut</span> <span class='ocrx_word' id='word_1_314' title='bbox 1470 2433 1640 2481; x_wconf 73' lang='lat' dir='ltr'>„Immo“</span> <span class='ocrx_word' id='word_1_315' title='bbox 1667 2438 1735 2471; x_wconf 84' lang='lat' dir='ltr'>aut</span> 
     </span>
     <span class='ocr_line' id='line_1_34' title="bbox 246 2497 1736 2551; baseline 0.003 -16"><span class='ocrx_word' id='word_1_316' title='bbox 246 2497 434 2548; x_wconf 70' lang='lat' dir='ltr'>„edepoP‘</span> <span class='ocrx_word' id='word_1_317' title='bbox 465 2500 728 2536; x_wconf 87' lang='lat' dir='ltr'>omitteretur.</span> <span class='ocrx_word' id='word_1_318' title='bbox 756 2519 804 2524; x_wconf 92' lang='lat'>-—</span> <span class='ocrx_word' id='word_1_319' title='bbox 832 2501 924 2538; x_wconf 91' lang='lat'>255.</span> <span class='ocrx_word' id='word_1_320' title='bbox 959 2497 1075 2538; x_wconf 68' lang='lat' dir='ltr'>Num</span> <span class='ocrx_word' id='word_1_321' title='bbox 1101 2499 1290 2551; x_wconf 74' lang='lat' dir='ltr'>quiduis</span> <span class='ocrx_word' id='word_1_322' title='bbox 1311 2499 1404 2540; x_wconf 72' lang='lat' dir='ltr'>me?</span> <span class='ocrx_word' id='word_1_323' title='bbox 1435 2502 1481 2539; x_wconf 88' lang='lat' dir='ltr'>cf.</span> <span class='ocrx_word' id='word_1_324' title='bbox 1511 2504 1601 2540; x_wconf 83' lang='lat'>168.</span> <span class='ocrx_word' id='word_1_325' title='bbox 1648 2502 1736 2540; x_wconf 87' lang='lat' dir='ltr'>Hoc</span> 
     </span>
     <span class='ocr_line' id='line_1_35' title="bbox 241 2566 1731 2619; baseline 0.003 -15"><span class='ocrx_word' id='word_1_326' title='bbox 241 2566 379 2604; x_wconf 84' lang='lat' dir='ltr'>ordine</span> <span class='ocrx_word' id='word_1_327' title='bbox 396 2566 438 2613; x_wconf 85' lang='lat' dir='ltr'>B,</span> <span class='ocrx_word' id='word_1_328' title='bbox 473 2570 561 2604; x_wconf 84' lang='lat' dir='ltr'>cett.</span> <span class='ocrx_word' id='word_1_329' title='bbox 587 2567 700 2605; x_wconf 90' lang='lat' dir='ltr'>codd.</span> <span class='ocrx_word' id='word_1_330' title='bbox 725 2570 764 2605; x_wconf 83' lang='lat' dir='ltr'>et</span> <span class='ocrx_word' id='word_1_331' title='bbox 787 2567 876 2605; x_wconf 89' lang='lat' dir='ltr'>edd.</span> <span class='ocrx_word' id='word_1_332' title='bbox 907 2568 1131 2618; x_wconf 75' lang='lat' dir='ltr'>„Numquid</span> <span class='ocrx_word' id='word_1_333' title='bbox 1162 2583 1222 2607; x_wconf 89' lang='lat' dir='ltr'>me</span> <span class='ocrx_word' id='word_1_334' title='bbox 1244 2567 1359 2608; x_wconf 76' lang='lat' dir='ltr'>uis‘?“</span> <span class='ocrx_word' id='word_1_335' title='bbox 1409 2570 1522 2608; x_wconf 90' lang='lat' dir='ltr'>Unde</span> <span class='ocrx_word' id='word_1_336' title='bbox 1546 2570 1731 2619; x_wconf 87' lang='lat' dir='ltr'>Wagner.</span> 
     </span>
     <span class='ocr_line' id='line_1_36' title="bbox 240 2633 1732 2687; baseline 0.003 -16"><span class='ocrx_word' id='word_1_337' title='bbox 240 2647 376 2671; x_wconf 78' lang='lat' dir='ltr'>versus</span> <span class='ocrx_word' id='word_1_338' title='bbox 409 2648 525 2672; x_wconf 86' lang='lat' dir='ltr'>causa</span> <span class='ocrx_word' id='word_1_339' title='bbox 561 2633 709 2681; x_wconf 77' lang='lat' dir='ltr'>„&#39;stuc“</span> <span class='ocrx_word' id='word_1_340' title='bbox 745 2636 921 2684; x_wconf 80' lang='lat' dir='ltr'>scripsit3</span> <span class='ocrx_word' id='word_1_341' title='bbox 953 2636 1023 2673; x_wconf 91' lang='lat' dir='ltr'>sed</span> <span class='ocrx_word' id='word_1_342' title='bbox 1054 2637 1149 2674; x_wconf 88' lang='lat' dir='ltr'>mihi</span> <span class='ocrx_word' id='word_1_343' title='bbox 1181 2638 1340 2687; x_wconf 88' lang='lat' dir='ltr'>quidem</span> <span class='ocrx_word' id='word_1_344' title='bbox 1371 2651 1442 2675; x_wconf 91' lang='lat' dir='ltr'>nec</span> <span class='ocrx_word' id='word_1_345' title='bbox 1458 2638 1732 2675; x_wconf 89' lang='lat' dir='ltr'>Lachmannus</span> 
     </span>
     <span class='ocr_line' id='line_1_37' title="bbox 243 2698 1729 2755; baseline 0.003 -16"><span class='ocrx_word' id='word_1_346' title='bbox 243 2698 312 2750; x_wconf 86' lang='lat' dir='ltr'>(ad</span> <span class='ocrx_word' id='word_1_347' title='bbox 350 2702 506 2740; x_wconf 87' lang='lat' dir='ltr'>Lucret.</span> <span class='ocrx_word' id='word_1_348' title='bbox 547 2717 586 2753; x_wconf 92' lang='lat' dir='ltr'>p.</span> <span class='ocrx_word' id='word_1_349' title='bbox 631 2702 726 2750; x_wconf 90' lang='lat'>179)</span> <span class='ocrx_word' id='word_1_350' title='bbox 765 2717 835 2741; x_wconf 90' lang='lat' dir='ltr'>nec</span> <span class='ocrx_word' id='word_1_351' title='bbox 875 2702 1051 2741; x_wconf 89' lang='lat' dir='ltr'>Corssen.</span> <span class='ocrx_word' id='word_1_352' title='bbox 1095 2703 1276 2755; x_wconf 86' lang='lat' dir='ltr'>(Ausspr.</span> <span class='ocrx_word' id='word_1_353' title='bbox 1309 2706 1346 2743; x_wconf 89' lang='lat' dir='ltr'>d.</span> <span class='ocrx_word' id='word_1_354' title='bbox 1378 2706 1466 2743; x_wconf 84' lang='lat' dir='ltr'>Lat.</span> <span class='ocrx_word' id='word_1_355' title='bbox 1499 2706 1555 2752; x_wconf 86' lang='lat' dir='ltr'>H,</span> <span class='ocrx_word' id='word_1_356' title='bbox 1587 2718 1626 2754; x_wconf 91' lang='lat' dir='ltr'>p.</span> <span class='ocrx_word' id='word_1_357' title='bbox 1660 2703 1729 2753; x_wconf 88' lang='lat'>82)</span> 
     </span>
     <span class='ocr_line' id='line_1_38' title="bbox 241 2770 1735 2823; baseline 0.002 -16"><span class='ocrx_word' id='word_1_358' title='bbox 241 2770 434 2808; x_wconf 88' lang='lat' dir='ltr'>eiusmodi</span> <span class='ocrx_word' id='word_1_359' title='bbox 464 2771 612 2809; x_wconf 86' lang='lat' dir='ltr'>formas</span> <span class='ocrx_word' id='word_1_360' title='bbox 642 2785 735 2809; x_wconf 89' lang='lat' dir='ltr'>vere</span> <span class='ocrx_word' id='word_1_361' title='bbox 758 2771 922 2809; x_wconf 85' lang='lat' dir='ltr'>Latinas</span> <span class='ocrx_word' id='word_1_362' title='bbox 953 2785 1036 2809; x_wconf 89' lang='lat' dir='ltr'>esse</span> <span class='ocrx_word' id='word_1_363' title='bbox 1062 2775 1269 2822; x_wconf 87' lang='lat' dir='ltr'>persuasit.</span> <span class='ocrx_word' id='word_1_364' title='bbox 1318 2771 1434 2812; x_wconf 70' lang='lat' dir='ltr'>Istuc·</span> <span class='ocrx_word' id='word_1_365' title='bbox 1457 2777 1588 2811; x_wconf 85' lang='lat' dir='ltr'>autem</span> <span class='ocrx_word' id='word_1_366' title='bbox 1613 2775 1735 2823; x_wconf 87' lang='lat' dir='ltr'>signi-</span> 
     </span>
    </p>
   </div>
  </div>
 </body>
</html>
