1854 3188
257 201 350 238 XIV
904 194 1088 229 Praefatio.

245 326 418 362 ententia
455 327 599 374 aperta
628 327 724 369 erat,
757 322 878 360 verba
901 325 1061 369 incerta,
1094 322 1293 360 interdum
1322 322 1484 360 liberius
1514 324 1738 360 coniectura

238 410 333 434 usus
358 409 460 442 sum3
493 395 562 432 sed
585 407 655 432 nec
680 395 762 431 sine
787 396 1032 442 necessitate,
1064 398 1108 432 ut
1138 395 1288 444 opinor,
1323 394 1541 443 quidquam
1577 395 1736 441 mutavi,

240 482 310 506 nec
341 469 408 513 ita,
441 470 486 504 ut
516 480 597 504 non
629 467 878 516 aliquatenus
909 467 1077 514 intelligi
1106 469 1253 516 posset,
1290 479 1366 514 quo
1398 465 1513 503 modo
1553 469 1740 516 corrupta

240 541 434 577 librorum
465 540 663 588 scriptura
693 541 781 575 orta
812 541 924 576 esset.
986 538 1078 575 Haec
1117 538 1219 574 enim
1261 538 1300 574 in
1340 540 1423 573 arte
1463 538 1601 575 critica
1633 551 1738 574 exer-

243 612 366 649 cenda
396 624 544 648 summa
573 611 637 647 lex
669 613 748 656 est,
781 614 825 646 ut
855 609 1075 659 probabilis
1107 612 1349 646 monstretur
1381 609 1526 646 erroris
1557 610 1633 654 via,
1670 622 1738 646 nec

243 697 286 721 ea
315 683 435 720 verba
465 685 720 732 reponantur,
756 694 842 730 quae
869 694 937 717 cur
964 685 1031 717 aut
1057 694 1132 730 quo
1165 680 1283 717 modo
1311 682 1509 731 corrumpi
1535 682 1740 730 potuerint

243 769 321 793 non
367 754 627 802 intelligatur.
711 753 793 789 Hoc
840 754 956 789 nimis
1003 765 1104 801 saepe
1150 752 1437 789 obliviscuntur
1480 753 1740 790 recentissimi

244 827 376 864 Plauti
408 825 690 871 emendatores,
725 825 793 874 qui
824 838 904 862 non
937 838 1026 861 raro
1059 836 1310 861 numerorum
1339 837 1465 870 causa,
1499 825 1665 861 maxime
1695 827 1740 861 ut

245 899 376 935 hiatus
407 899 576 942 vitetur,
617 897 807 934 vocabula
840 895 1013 933 eiusdem
1045 899 1113 932 aut
1143 895 1283 932 similis
1315 895 1612 944 significationis
1653 909 1738 945 per-

247 969 436 1007 mutanda
468 972 638 1015 censent,
672 982 750 1017 qua
780 981 822 1005 re
854 969 974 1005 etiam
1007 970 1038 1005 si
1070 968 1201 1004 sensui
1233 970 1271 1003 et
1302 968 1473 1004 orationi
1496 980 1573 1005 non
1599 981 1738 1005 nocea-

247 1046 332 1088 tur,
378 1046 509 1079 tamen
553 1042 689 1078 critica
734 1042 860 1077 omnis
905 1039 1165 1090 probabilitas
1211 1038 1331 1076 abest.
1418 1038 1590 1077 Librarii
1636 1041 1739 1076 enim

248 1127 367 1164 quum
391 1114 584 1164 plerique,
615 1116 699 1149 tum
726 1113 773 1158 ii,
807 1125 970 1160 quorum
994 1111 1105 1148 libris
1129 1112 1170 1147 in
1186 1111 1379 1147 Plautinis
1404 1111 1549 1148 fabulis
1576 1112 1738 1149 edendis

248 1187 407 1231 utimur,
441 1197 517 1221 non
549 1184 728 1222 consulto
759 1186 971 1232 peccarunt
1001 1182 1071 1219 sed
1104 1195 1196 1219 casu
1228 1186 1266 1219 et
1297 1182 1452 1232 legendi
1491 1196 1634 1220 errore.
1694 1184 1739 1221 In

248 1269 376 1308 prosae
400 1257 591 1294 orationis
620 1255 894 1305 scriptoribus,
928 1267 1093 1303 quorum
1126 1255 1344 1291 orationem
1372 1255 1438 1303 qui
1464 1254 1739 1292 describebant

251 1329 362 1367 facile
386 1329 667 1375 intelligerent,
694 1327 936 1376 comparatio
964 1326 1140 1363 codicum
1166 1325 1362 1362 interdum
1390 1327 1549 1363 voculas
1567 1327 1740 1364 eiusdem

249 1400 547 1448 significationis
570 1402 818 1448 permutatas
843 1411 925 1435 esse
950 1397 1134 1443 ostendit,
1167 1397 1275 1434 velut
1303 1394 1482 1443 „autem“
1514 1398 1553 1431 et
1581 1393 1737 1441 „vero“,

256 1470 425 1520 .,igitur“
462 1474 501 1508 et
536 1468 735 1520 „itaque“,
772 1468 930 1519 .,paene“
967 1472 1006 1506 et
1039 1466 1239 1518 „prope“;
1270 1469 1310 1506 in
1339 1471 1467 1518 poeta,
1499 1468 1567 1516 qui
1599 1466 1737 1504 diffici-

250 1545 325 1581 lius
350 1542 645 1592 intelligebatur
672 1545 710 1578 et
735 1542 844 1578 cuius
870 1554 1005 1578 versus
1022 1541 1188 1586 librarii,
1216 1541 1367 1577 etiamsi
1391 1554 1470 1578 non
1493 1540 1587 1576 satis
1614 1539 1738 1588 perci-

251 1619 411 1665 perent,
452 1618 583 1651 tamen
615 1617 865 1651 conservatos
896 1613 1103 1658 volebant,
1150 1612 1221 1648 tali
1259 1612 1420 1649 licentia
1458 1624 1523 1648 eos
1560 1614 1739 1647 versatos

251 1701 333 1724 esse
357 1687 439 1724 veri
464 1686 590 1723 simile
614 1699 693 1722 non
719 1689 790 1730 est,
824 1698 894 1721 nec
925 1684 1030 1734 apud
1054 1684 1236 1721 Plautum
1268 1686 1309 1721 in
1339 1684 1426 1721 aliis
1457 1683 1574 1720 rebus
1601 1682 1739 1718 similis

250 1759 502 1807 negligentiae
534 1757 679 1794 indicia
710 1758 973 1806 reperiuntur.
1035 1755 1125 1792 Noli
1162 1757 1286 1803 igitur
1325 1755 1506 1801 credere,
1554 1756 1594 1791 in
1637 1754 1737 1790 anti-

1619 1822 1637 1840 (ί

255 1830 456 1880 quioribus
488 1829 620 1866 Plauti
659 1828 859 1866 codicibus
898 1841 1082 1876 umquam
1115 1831 1183 1864 aut
1217 1825 1370 1873 „haud“
1404 1840 1476 1876 pro
1512 1838 1612 1872 „non
1671 1828 1740 1862 aut

256 1899 382 1948 .,non“
417 1915 489 1951 pro
526 1898 677 1947 „haud“
713 1901 900 1949 scriptum
933 1912 1034 1945 esse,
1083 1898 1188 1948 quod
1227 1902 1317 1935 sunt
1355 1900 1421 1948 qui
1461 1911 1563 1948 saepe
1594 1897 1739 1934 factum

251 1987 333 2011 esse
362 1977 515 2024 putent,
549 1976 618 2009 aut
653 1969 839 2021 .,edepol‘²
875 1984 948 2020 pro
985 1968 1163 2017 „hercle“
1200 1969 1302 2012 (Aul.
1339 1968 1434 2014 254)
1466 1973 1533 2007 aut
1569 1966 1735 2019 „atque“

251 2059 322 2096 pro
357 2043 521 2095 „quam“
559 2041 664 2091 (Aul.
700 2041 796 2090 289)
837 2046 904 2079 aut
945 2042 1017 2089 „ab
1050 2040 1197 2078 sodali“
1240 2054 1311 2090 pro
1347 2040 1538 2089 „sodalis“
1577 2037 1734 2090 (Bacch.

256 2115 350 2163 185)
393 2120 461 2154 aut
502 2112 685 2162 „dicant“
727 2127 800 2164 pro
842 2112 997 2161 „aiant“
1043 2112 1171 2162 (Caph.
1207 2111 1302 2160 688)
1346 2117 1413 2150 aut
1457 2109 1625 2158 .,aetati“
1667 2124 1738 2161 pro

341 2262 478 2297 codicis
503 2262 532 2296 B
559 2261 790 2306 „aedibiles“,
825 2260 1122 2295 emendationem
1147 2263 1358 2294 ceterorum
1390 2257 1571 2303 ,‚aedi]es“
1603 2258 1737 2302 respui.
1781 2292 1783 2295 ,

342 2318 437 2362 Quid
460 2319 534 2352 iam
565 2319 715 2353 critici?
765 2317 982 2352 Ostendjsse
1015 2328 1078 2351 eos
1110 2317 1256 2359 credas,
1294 2328 1366 2360 quo
1398 2316 1510 2350 modo
1542 2316 1602 2350 hic
1634 2315 1737 2348 locus

340 2375 497 2419 intelligi
527 2378 655 2419 posset
685 2378 746 2409 aut
779 2385 949 2418 quaenam
981 2374 1040 2408 hic
1071 2373 1232 2407 aedilium
1265 2376 1389 2417 partes
1427 2375 1559 2406 essent.
1622 2371 1737 2405 Immo

343 2432 562 2476 simpliciter
587 2431 772 2465 affirmant
797 2432 1019 2475 scripturam
1046 2428 1224 2473 „aediles“
1249 2441 1375 2463 veram
1400 2440 1495 2471 esse,
1520 2441 1578 2462 me
1605 2431 1736 2467 autem,

342 2489 442 2534 quod
474 2489 512 2522 in
542 2488 810 2522 commentario
845 2488 952 2521 aliam
984 2487 1204 2521 emendandi
1234 2487 1329 2520 viam
1353 2485 1634 2529 ingrediendam
1660 2495 1738 2519 esse

343 2547 418 2580 dixi
445 2549 480 2580 et
506 2545 664 2588 exempli
690 2556 800 2579 causa
824 2545 1076 2578 coniecturam
1103 2544 1250 2577 dubiam
1274 2543 1468 2587 proposui,
1502 2541 1739 2576 vehementer

342 2603 543 2647 exagitant,
568 2601 670 2646 quasi
689 2601 728 2635 in
748 2604 962 2635 contextum
982 2600 1180 2634 intulerim.
1219 2598 1349 2641 Immo,
1376 2602 1417 2632 ut
1436 2598 1596 2634 Acidalii
1616 2598 1738 2632 verbis

343 2664 435 2703 utar,
465 2660 689 2693 coniecturae
717 2660 802 2691 sunt
825 2657 884 2691 hae
908 2668 1030 2700 merae,
1057 2657 1189 2700 quibus
1213 2655 1356 2700 ignosci
1381 2658 1513 2700 potest,
1546 2655 1576 2689 si
1601 2658 1737 2697 errant,

343 2715 492 2760 quando
517 2726 636 2759 neque
659 2725 727 2759 pro
753 2714 912 2748 oraculis
937 2713 1175 2748 venditantur
1207 2718 1243 2746 et
1267 2712 1411 2746 auctori
1443 2714 1572 2746 nost-ro
1598 2711 1738 2745 nullam

340 2773 523 2806 inducunt
547 2771 781 2806 temerariam
805 2770 1058 2804 mutationem.
