1897 3171
265 171 348 209 482
927 165 1093 210 captiui..

267 295 375 333 Cure.
396 295 488 332 248.
527 294 643 344 Epid.
666 295 764 331 142:
803 294 917 341 „huic
932 293 1122 332 homini'‘.
1161 294 1280 332 Poen.
1301 296 1399 332 650:
1436 295 1523 342 „hic
1539 292 1749 332 uenator“.

265 363 317 400 ib.
354 361 480 399 1261:
518 360 739 409 „huiusce“‚
781 362 812 399 si
849 363 1044 412 scriptura
1075 376 1180 400 sana.
1242 362 1342 400 Rud.
1377 364 1475 400 937:
1523 363 1608 410 „hic
1639 360 1749 400 rex“.

264 429 370 467 Male
411 429 588 467 Lindem.
628 429 709 467 haec
748 429 962 467 Philocrati
999 429 1157 476 tribuit,
1205 431 1272 479 qui
1309 430 1371 468 hic
1415 431 1628 480 interloqui
1672 444 1750 468 non

266 497 394 535 debet.
421 517 475 521 —
509 498 600 534 335.
633 494 715 544 hoc,
748 501 792 534 ut
823 497 1038 534 redimatur
1069 497 1173 534 filius
1204 501 1306 535 tuus.
1379 496 1421 535 in
1442 494 1627 546 procliui
1657 501 1749 536 cett.

265 565 399 611 codd.;
446 564 504 602 Fl.
549 562 633 612 „st“
679 565 802 602 addit.
877 564 1079 613 Significat
1115 566 1251 611 „facile
1283 564 1380 613 est“,
1427 566 1473 604 cf.
1506 566 1593 603 Ter.
1627 566 1748 604 Andr.

266 634 358 671 701.
435 633 482 669 H.
515 633 540 670 l.
580 637 732 670 retenta
770 633 933 682 propria
971 634 1077 670 vocis
1116 634 1153 669 vi
1190 637 1270 670 tam
1310 634 1422 671 facile
1463 634 1636 671 accidere
1682 636 1750 681 ait,

264 714 383 750 quam
421 701 547 738 imber
578 700 703 738 cadat.
747 721 801 725 ——
843 702 934 738 336.
968 698 1035 738 ted
1064 702 1201 750 scripsi
1233 714 1318 738 cum
1349 702 1408 740 Fl.
1482 702 1590 738 Idem
1625 697 1747 748 „hoc“

266 769 419 806 addidit
444 773 536 818 post
558 767 689 815 „01·o‘⁴,
714 772 759 805 ut
783 770 978 806 vitaretur
1001 769 1142 814 hiatus,
1173 772 1239 818 qui
1264 773 1355 806 ante
1382 783 1522 807 nomen
1545 771 1752 819 proprium

263 837 357 874 ferri
387 849 504 885 posse
535 836 705 873 videtur.
767 836 831 873 ΒΓ.
870 836 963 882 „sed
993 840 1122 873 tecum
1154 849 1222 873 oro
1253 836 1365 875 hoc“.
1397 857 1453 863 —
1487 839 1577 875 337.
1612 834 1661 875 ab
1692 848 1750 884 re,

264 904 370 954 quod
411 904 458 941 ab
501 917 563 950 eo,
614 904 720 952 quod
759 904 939 941 effectum
978 904 1175 950 volumus,
1224 904 1393 942 alienum
1433 909 1509 952 est,
1557 906 1603 943 cf.
1638 906 1749 943 Asin.

265 974 364 1009 222:
417 972 544 1017 .,haud
577 979 634 1008 est
667 972 713 1008 ab
745 985 787 1008 re
819 971 1020 1021 aucupis“‘.
1089 972 1195 1009 Trin.
1230 974 1327 1010 238:
1377 973 1447 1019 „ab
1475 986 1518 1009 re
1542 970 1750 1010 consulit“.

263 1039 376 1077 Truc.
406 1041 506 1077 518:
543 1039 671 1086 „haud
704 1039 750 1076 ab
783 1053 824 1075 re
855 1039 929 1076 tibi
960 1041 1048 1077 istic
1080 1040 1243 1077 obuenit
1273 1039 1426 1078 labos“.
1461 1060 1515 1066 —
1545 1038 1650 1078 scies
1673 1043 1752 1078 iam

262 1109 301 1144 in
328 1106 440 1144 codd.
467 1107 736 1154 emendatum
769 1120 839 1144 nec
873 1108 958 1145 tum
988 1107 1184 1145 offendere
1216 1108 1342 1155 debet,
1377 1108 1480 1158 quod
1512 1110 1630 1146 etiam
1660 1112 1754 1158 post

268 1173 347 1220 .,si“
382 1188 484 1224 saepe
515 1176 689 1225 ponitur,
722 1188 755 1212 v.
791 1175 840 1212 ad
872 1175 988 1213 Most.
1025 1177 1115 1214 659.
1177 1176 1235 1214 Fl.
1273 1177 1467 1224 „Faciam,
1507 1177 1597 1214 dum
1629 1177 1676 1214 ab
1709 1190 1752 1214 re

262 1256 309 1280 ne
342 1243 436 1293 quid
469 1256 566 1280 oreS.
635 1243 712 1280 TY.
753 1244 952 1290 Ausculta,
992 1243 1130 1291 scies“‚
1177 1249 1219 1281 ut
1250 1245 1358 1282 Asin.
1394 1245 1486 1282 347.
1547 1245 1611 1281 Br.
1649 1245 1752 1292 „Au—

264 1312 387 1349 seulta
419 1311 521 1357 dum,
562 1315 606 1348 ut
636 1309 776 1348 scias“.
814 1331 869 1336 —
917 1313 1007 1350 338.
1057 1309 1248 1349 donicum
1279 1313 1370 1349 olim
1403 1313 1664 1351 emendatum.
1697 1332 1753 1338 —-

265 1381 356 1417 339.
392 1379 436 1416 ut
466 1392 598 1416 versus
631 1392 745 1416 causa
776 1379 905 1416 delevi
937 1393 1023 1417 cum
1055 1379 1227 1417 Bosscha
1258 1380 1436 1429 aliisque,
1469 1380 1533 1417 Br.
1564 1379 1649 1428 „te“
1677 1380 1752 1417 tol-

262 1448 342 1484 lere
374 1447 522 1484 maluit.
562 1467 616 1472 —
655 1443 777 1494 hunc,
819 1447 1096 1484 Philocratem.
1173 1447 1462 1494 aestumatmn,
1500 1449 1629 1497 pretio
1663 1461 1751 1485 con-

263 1516 418 1561 stituto,
467 1528 502 1552 V.
538 1516 628 1552 352.
669 1535 724 1539 -
771 1516 862 1552 340.
905 1512 985 1562 illi,
1018 1515 1151 1563 Elide,
1202 1515 1247 1553 cf.
1292 1517 1383 1553 322.
1426 1535 1473 1541 --
1523 1517 1614 1553 341.
1656 1525 1752 1554 con-

266 1581 402 1621 ueniat
433 1583 525 1619 olim
557 1583 816 1620 emendatum.
842 1603 897 1608 -—
931 1584 1022 1620 343.
1057 1579 1161 1621 nihil
1192 1584 1264 1631 esf,
1298 1584 1394 1620 nihil
1418 1584 1608 1633 proderit,
1642 1597 1677 1621 v.
1703 1583 1754 1620 ad

262 1653 372 1688 Asin.
407 1652 500 1688 424.
541 1670 595 1675 -—
635 1661 799 1699 operam
832 1647 999 1698 luseris,
1047 1653 1072 1689 i.
1106 1665 1138 1689 e.
1170 1652 1409 1701 perdideris,
1457 1652 1503 1690 cf.
1538 1651 1622 1689 Cas.
1657 1653 1752 1690 401.

263 1719 403 1757 Pseud.
445 1720 536 1756 369.
607 1719 694 1756 Ter.
737 1719 894 1756 Phorm.
930 1721 1022 1756 332.
1066 1739 1120 1744 —
1167 1721 1259 1757 344.
1307 1730 1423 1758 omne
1462 1733 1596 1756 versus
1636 1733 1755 1757 causa

263 1790 507 1837 transposuit
537 1787 652 1824 Both.
731 1786 982 1825 transactum
1020 1785 1183 1835 reddet,
1231 1788 1277 1826 cf.
1317 1789 1426 1826 Asin.
1464 1789 1561 1835 121,
1609 1788 1656 1826 al.
1689 1801 1751 1838 ap.

264 1855 326 1893 Br.
363 1875 413 1880 —
457 1855 548 1891 346.
589 1865 638 1892 ea]
668 1853 888 1902 sententia,
928 1859 1082 1903 gratus,
1124 1855 1170 1893 cf.
1205 1855 1309 1893 Pers.
1347 1857 1414 1893 18:
1467 1856 1626 1902 „Satine
1658 1868 1754 1903 ergo

266 1937 311 1960 ex
343 1921 590 1959 sente11tiai³⁶⁴
655 1922 745 1960 Ter.
777 1923 934 1961 Phorm.
970 1925 1062 1961 256.
1097 1924 1145 1960 al.
1177 1943 1232 1948 —
1268 1925 1359 1961 348.
1398 1919 1551 1973 periclo
1583 1922 1754 1960 scriben-

266 1990 356 2028 dum
388 1990 556 2036 videtur,
590 1997 633 2027 ut
663 1991 763 2028 solet
793 1991 956 2028 Plautus
987 1992 1027 2028 in
1057 1991 1198 2028 mediis
1229 1991 1420 2038 versibus,
1453 2005 1487 2028 v.
1522 1992 1754 2041 Kampman.

265 2072 295 2096 r.
329 2059 442 2095 milit.
475 2058 532 2095 Pl.
565 2072 602 2108 p.
637 2060 685 2096 21
720 2072 825 2108 sqq„
867 2073 952 2097 cum
983 2059 1096 2096 hiatu
1126 2061 1167 2096 in
1198 2059 1351 2097 diaeresi
1382 2060 1578 2109 legitimo,
1618 2072 1754 2108 quam-

266 2140 381 2176 quam
414 2126 562 2164 Ritsch.
601 2126 851 2177 ,.periculod“
895 2141 981 2174 scr„
1028 2127 1088 2165 Fl.
1121 2127 1185 2165 ΒΓ.
1224 2139 1320 2176 „ego
1370 2126 1525 2165 huius“.
1564 2146 1620 2152 —
1668 2123 1757 2164 uice

265 2194 417 2231 librarii
449 2195 573 2231 errori
605 2194 750 2241 deberi,
786 2196 878 2233 olim
910 2195 1152 2232 intellectum
1185 2200 1254 2233 est.
1281 2215 1336 2220 -—
1362 2197 1454 2233 349.
1488 2192 1574 2242 scit,
1606 2194 1755 2245 produ-

267 2264 379 2308 citur,
412 2275 447 2299 V.
480 2262 659 2312 Prolegg.
693 2277 731 2313 p.
769 2265 857 2300 196.
889 2283 946 2288 -
989 2262 1080 2301 350.
1124 2261 1259 2301 istunc
1289 2277 1423 2301 versus
1456 2277 1573 2300 causa
1605 2262 1754 2300 Camer.

270 2350 318 2356 —-
355 2331 447 2368 351.
485 2326 611 2378 Quam
645 2328 865 2376 citissume,
897 2344 932 2368 v,
958 2331 1006 2368 ad
1022 2332 1111 2368 Aul.
1132 2333 1224 2369 229.
1252 2352 1305 2356 —
1337 2328 1476 2369 cedere
1505 2328 1560 2369 ad
1587 2326 1755 2379 factum,

270 2398 318 2435 ad
350 2398 528 2436 effectum
558 2398 733 2448 perduci,
767 2400 799 2436 si
829 2411 921 2434 vera
952 2399 1160 2448 scriptura.
1228 2399 1429 2449 Madvigio
1466 2399 1538 2445 „ad
1570 2396 1752 2448 pactum“

267 2466 306 2503 in
338 2470 507 2502 mentem
538 2468 658 2504 venit.
689 2487 745 2491 —
779 2467 870 2504 352.
905 2462 1021 2503 Num
1054 2477 1157 2515 quae
1189 2477 1313 2505 causa
1344 2467 1424 2513 est,
1459 2467 1506 2504 cf.
1538 2467 1626 2504 Aul.
1661 2467 1755 2504 254.

267 2533 443 2583 Utroque
474 2534 561 2571 loco
595 2534 754 2582 optume
793 2534 1039 2583 scripsimus,
1079 2539 1123 2572 ut
1160 2535 1197 2572 h.
1231 2535 1254 2572 1.
1289 2534 1388 2572 dett.
1422 2534 1533 2572 codd.
1594 2534 1694 2571 Nam
1724 2534 1756 2570 si

268 2603 459 2639 retinetur
504 2601 649 2639 codicis
689 2602 718 2639 B
759 2603 955 2652 scriptura
1004 2600 1216 2652 „optima“,
1257 2616 1413 2639 necesse
1460 2606 1520 2639 est
1571 2601 1757 2638 audiatur

267 2682 343 2706 non
374 2669 432 2716 id,
474 2669 581 2719 quod
619 2669 828 2720 praecedit,
871 2668 939 2706 sed
970 2670 1228 2716 contrarium,
1276 2670 1313 2708 h.
1346 2670 1371 2707 1.
1416 2669 1561 2717 „Immo
1594 2673 1758 2718 optuma

268 2750 385 2774 causa
417 2742 495 2784 est,
544 2751 611 2774 cur
643 2736 770 2785 denff‘,
812 2737 901 2775 Aul.
935 2737 1017 2774 254
1066 2737 1211 2785 „Immo
1244 2739 1395 2788 optima
1425 2750 1541 2775 causa
1570 2742 1648 2784 est,
1689 2749 1758 2774 cur
