1897 3171
782 176 821 210 V.
849 178 1035 210 263—275.
1573 178 1650 217 301

165 304 258 342 cede
289 316 353 341 eos
386 305 600 342 conducere
632 305 828 351 solebant,
874 309 919 342 ut
956 306 995 341 in
1035 305 1105 342 hac
1137 306 1288 352 fabula,
1333 308 1371 343 in
1404 306 1649 351 Curculione,

165 373 398 418 Mercatore,
431 373 647 420 Pseudolo,
696 374 742 411 cf.
775 374 940 423 Aristip.
974 387 1036 423 ap.
1069 372 1183 421 Diog.
1218 373 1349 411 Laert.
1383 374 1439 419 II,
1475 375 1546 411 72:
1594 373 1652 409 καὶ

162 442 232 490 γὰρ
264 442 347 477 ὅταν
377 441 520 478 δεῖπνον
558 441 647 487 ἔχω,
698 443 869 491 μάγειρον
897 444 1118 490 μισθοῦμαι.
1180 441 1320 478 Pollux
1350 441 1424 487 IX,
1467 443 1536 486 48,
1585 442 1652 490 qui

161 513 363 559 μαγειρεῖον
394 513 669 547 commemorat
700 511 810 547 τόπον
842 511 930 546 ὅθεν
961 510 1178 557 μισθοῦνται
1206 511 1285 551 τοὺς
1310 512 1514 559 μαγείρους,
1547 509 1651 559 quod

161 578 324 615 Plautus
355 577 494 615 Pseud.
529 579 608 616 790
644 579 876 628 „coquinum
916 576 1069 615 forum“
1107 578 1298 627 appellat,
1341 578 1491 614 Plinius
1527 578 1570 614 H.
1602 577 1649 615 N.

161 645 304 692 XVIII,
341 647 402 692 ll,
439 647 516 683 108
554 645 825 692 „macellum“.
873 646 948 684 Sed
978 647 1019 684 hi
1052 658 1219 695 quoque,
1254 646 1321 694 qui
1352 646 1530 682 mercede
1564 659 1650 682 con-

163 713 425 760 ducebantur,
471 727 550 751 non
589 727 678 751 raro
717 715 820 751 servi
859 718 971 751 erant
1009 728 1031 751 a
1072 714 1239 751 dominis
1272 713 1321 750 ad
1352 713 1431 750 tale
1464 726 1562 763 opus
1594 714 1651 750 fa·-

160 782 337 819 ciendum
370 782 508 828 locati,
540 782 619 820 vid.
651 783 756 820 infra
789 784 881 820 302.
942 782 1115 832 Posidip.
1149 795 1210 832 ap.
1243 781 1387 819 Athen.
1419 795 1457 831 p.
1493 782 1571 819 659
1605 781 1648 818 d:

159 850 231 886 κατ’
265 851 399 900 ἀγορὰν
430 851 640 900 ἐργάζομαι,
670 851 837 900 Ἐπρίατο
866 852 938 901 γάρ
970 866 1018 893 τις
1051 851 1242 899 ὁμότεχνός
1271 864 1315 898 με
1340 850 1523 899 γνώριμος.
1570 850 1649 887 Nec

159 932 262 966 sane,
295 921 328 956 si
359 920 518 967 ingenia
549 931 761 969 coquorum
792 920 832 956 in
865 920 1062 957 comoediis
1094 922 1335 969 spectamus,
1369 933 1391 955 a
1422 919 1544 956 servis
1576 918 1649 954 dif-

158 987 260 1024 ferre
276 987 472 1024 videntur.
519 986 690 1025 Furaces
708 987 866 1036 quidem
893 990 932 1024 et
956 987 1162 1025 mendaces
1186 1000 1340 1038 semper
1363 987 1647 1037 producuntur,

159 1055 320 1102 gloriosi
359 1059 554 1104 praeterea
586 1058 625 1092 et
655 1055 887 1093 scurrilibus
926 1056 1022 1093 iocis
1061 1056 1166 1093 ultra
1211 1055 1371 1093 modum
1417 1054 1647 1103 gaudentes.

157 1122 267 1160 Talia
293 1124 486 1172 σκώμματα
504 1125 721 1160 Μαισωνικά
743 1124 942 1174 appellata
966 1137 1051 1161 esse
1068 1123 1282 1161 Athenaeus
1306 1123 1430 1161 tradit
1456 1137 1494 1173 p.
1515 1124 1592 1160 659
1612 1123 1648 1160 b.

155 1211 212 1216 —
243 1191 355 1237 Quod
395 1196 523 1229 autem
562 1192 659 1230 duos
700 1205 845 1241 coquos
876 1192 1115 1242 Megadorus
1156 1191 1365 1238 conduxit,
1413 1193 1453 1229 in
1498 1193 1648 1241 nuptiis

156 1259 265 1296 laute
297 1259 561 1309 epulabantur
591 1263 630 1297 et
655 1260 696 1297 in
720 1261 854 1310 sponsi
879 1260 1028 1298 aedibus
1054 1264 1093 1297 et
1117 1261 1156 1298 in
1182 1273 1347 1310 sponsae,
1381 1259 1459 1297 vid.
1488 1260 1647 1297 Terent.

155 1327 278 1367 Andr.
309 1329 387 1366 360
415 1342 512 1378 sqq,
546 1328 804 1377 Megadorum
836 1332 967 1366 autem
997 1330 1176 1367 novimus
1207 1333 1419 1378 utrumque
1452 1341 1617 1365 curasse.

270 1398 363 1435 272.
411 1394 650 1445 opsomcm't,
698 1397 826 1434 activa
863 1397 1005 1444 forma,
1048 1397 1094 1434 cf.
1126 1397 1265 1435 Bacch.
1303 1397 1401 1443 l41;
1448 1395 1647 1445 deponens

153 1466 258 1502 infra
283 1466 360 1503 287
397 1469 436 1502 et
465 1465 570 1502 alibi.
604 1485 658 1491 —--
690 1466 783 1502 273.
832 1462 947 1514 apud
974 1464 1133 1516 forum,
1166 1464 1245 1502 vid.
1288 1463 1338 1501 ad
1377 1464 1518 1514 Amph.
1554 1465 1645 1501 593.

152 1552 208 1557 —
248 1533 340 1570 274.
382 1532 508 1579 Quum
548 1534 588 1570 in
625 1533 700 1571 hoc
733 1546 852 1570 versu
885 1533 932 1571 de
965 1534 1049 1571 solo
1083 1533 1246 1582 opsonio
1279 1532 1492 1570 dividendo
1523 1544 1649 1568 sermo

153 1602 224 1647 sit,
275 1614 321 1638 ex
366 1613 554 1650 responso
600 1604 730 1639 autem
777 1604 967 1651 appareat
1013 1601 1131 1638 etiam
1182 1613 1327 1651 coquos
1379 1603 1418 1637 et
1461 1599 1647 1637 tibicinas

153 1672 476 1707 commemoratos
521 1669 663 1716 fuisse,
712 1673 757 1706 ut
795 1682 831 1706 v.
866 1670 965 1716 284,
1012 1669 1214 1707 Acidalius
1259 1682 1413 1706 versum
1459 1667 1646 1705 excidisse

151 1738 318 1787 putavit,
366 1751 531 1787 eumque
568 1738 683 1775 multi
721 1738 844 1775 secuti
874 1741 983 1784 sunt;
1031 1737 1196 1775 Guietus
1228 1750 1299 1787 pro
1337 1733 1402 1775 llic
1448 1740 1510 1783 „et
1547 1733 1640 1772 hos“

155 1806 325 1856 scripsit,
359 1805 542 1855 illepide;
577 1805 771 1856 equidem,
805 1806 836 1842 si
867 1806 1027 1842 fortiter
1058 1806 1255 1853 corrigere
1286 1805 1435 1850 liceret,
1468 1817 1540 1853 pro
1574 1813 1643 1850 02)-

149 1871 310 1911 Som'ztm
348 1870 413 1911 laic
451 1874 659 1911 scriberem
700 1878 767 1911 aut
811 1874 964 1919 „omnia
1001 1872 1107 1911 haec“
1145 1886 1230 1911 cum
1271 1873 1382 1910 hiatu
1420 1873 1459 1908 in
1499 1884 1645 1909 caesura

150 1945 227 1988 aut,
261 1942 364 1991 quod
396 1942 564 1980 fortasse
589 1943 751 1992 propius
776 1941 888 1979 abest
914 1955 936 1979 a
961 1941 1087 1989 codd,
1121 1942 1291 1991 „absque
1322 1940 1475 1978 inuidia
1506 1938 1642 1977 haec“.

150 2028 201 2034 —
237 2012 328 2047 275.
361 2009 541 2047 Numeris
573 2009 842 2047 deficientibus
872 2010 1055 2060 plerique
1082 2010 1138 2048 ita
1161 2012 1452 2056 succurrerunt,
1485 2012 1530 2046 ut
1553 2011 1642 2057 post

149 2074 224 2115 Me
286 2076 377 2126 „tu“
420 2078 631 2125 adderent,
677 2078 746 2115 sed
786 2078 931 2116 similia
969 2079 1110 2128 saepius
1157 2079 1413 2116 inveniuntur
1458 2089 1641 2114 versuum

148 2147 366 2196 principia,
398 2160 434 2184 v.
468 2146 621 2193 Proleg.
653 2159 691 2195 p.
726 2147 829 2193 2043
872 2159 942 2196 ego
974 2147 1097 2183 malui
1127 2149 1218 2195 post
1249 2143 1383 2184 dicam
1418 2143 1538 2193 „tibi⁴⁴
1575 2144 1641 2181 ad-

149 2214 252 2251 dere.
314 2213 461 2260 Goetz.,
507 2214 594 2252 Act.
635 2227 711 2252 soc.
759 2214 867 2264 Lips.
907 2213 978 2261 VI,
1025 2227 1062 2263 p.
1111 2215 1211 2252 237:
1271 2212 1539 2264 „propalam“.
1585 2233 1642 2237 -—

143 2279 287 2331 palam
327 2286 386 2319 est
423 2286 576 2332 aperte,
620 2282 782 2329 diserte,
831 2282 878 2320 cf.
911 2282 997 2320 Liv.
1029 2282 1163 2330 XXX,
1197 2284 1270 2330 20,
1306 2284 1349 2320 2:
1416 2283 1522 2330 „Iam
1563 2294 1640 2318 non

146 2350 352 2399 perplexe,
400 2350 468 2387 sed
512 2350 641 2399 palam
686 2348 915 2388 1·evocant“.
983 2350 1160 2399 Seyffert.
1208 2352 1247 2388 in
1293 2350 1432 2387 Philol.
1476 2349 1637 2394 XXVII,

145 2431 183 2467 p.
210 2418 290 2455 436
327 2415 526 2464 „edicam“
561 2417 809 2455 scribendum
842 2418 1035 2465 censebat,
1068 2419 1219 2456 hiatum
1244 2422 1373 2456 autem
1405 2421 1494 2467 post
1529 2418 1638 2465 „qui-

147 2484 259 2522 ‹lem·‘
294 2485 499 2523 tolerabat.
562 2486 733 2523 Pessime
765 2486 944 2536 Lipsius:
997 2487 1085 2533 „Me
1127 2493 1170 2524 tu
1212 2486 1367 2535 quidem
1408 2486 1536 2522 hercle
1576 2485 1638 2522 hic

145 2556 225 2590 tam
270 2554 401 2603 palam
445 2567 522 2591 non
569 2552 762 2601 diuides“‚
820 2567 1055 2604 quamquam
1102 2558 1320 2604 sequuntur
1365 2554 1549 2601 Wagner.
1597 2557 1635 2589 et

144 2620 302 2660 Miiller.
344 2620 454 2668 („Me
494 2622 652 2673 quidem
689 2622 821 2660 hercle
859 2623 922 2660 hic
960 2623 1077 2660 hodie
1117 2627 1198 2660 tam
1229 2619 1328 2672 p.⁴‘).
1405 2620 1635 2658 Obscenitas

144 2688 253 2725 verbi
285 2686 495 2728 dividendi
534 2688 667 2739 (quam
707 2691 825 2728 etiam
856 2690 991 2728 Cicero
1033 2693 1310 2728 commemorat
1341 2688 1390 2726 ad
1421 2689 1532 2725 Fam.
1563 2688 1632 2733 IX,

146 2757 210 2802 22,
244 2757 287 2793 4:
326 2757 438 2804 „Non
469 2758 676 2795 honestum
704 2758 864 2796 verbum
897 2762 955 2796 est
987 2756 1155 2796 divisio?
1200 2758 1254 2794 At
1280 2758 1383 2794 inest
1409 2757 1631 2803 obscenum,
