1897 3171
264 206 344 245 334
903 204 1104 238 Aulularia.

259 345 396 369 versus
430 333 621 369 520—22
654 334 776 382 spurii
806 333 1008 379 videntur,
1051 347 1093 371 ac
1133 334 1262 371 nescio
1305 347 1352 370 an
1389 334 1470 371 haec
1509 336 1595 383 ipsa
1632 348 1750 372 causa

261 405 331 450 sit,
366 417 433 440 cur
462 416 523 440 vv.
545 404 734 440 520—21
763 403 804 440 in
831 402 941 440 oodd.
966 403 1006 439 in
1037 406 1116 439 tres
1148 402 1264 439 divisi
1295 404 1386 449 sint,
1420 403 1523 452 quod
1555 402 1602 439 ab
1632 403 1747 441 initio

260 472 301 508 in
331 474 508 519 margine
539 472 767 520 angustiore
797 471 882 509 loco
915 471 1053 520 scripti
1083 470 1253 508 fuerunt.
1284 490 1341 495 —
1381 472 1472 509 524.
1505 467 1638 516 Haec,
1670 470 1748 508 vid.

261 539 310 576 ad
343 540 435 577 378.
458 559 512 564 —
548 539 639 577 526.
673 535 788 576 Nam
812 549 913 588 quae
937 539 1028 575 olim
1057 538 1316 576 emendatum.
1346 558 1395 563 —
1432 540 1524 576 527.
1555 539 1748 585 mactant,

261 607 339 644 vid.
373 607 421 643 ad
451 607 593 657 Amph.
630 607 749 644 1027.

375 676 468 713 528.
516 674 656 721 Senes,
699 675 766 723 qui
796 674 998 723 hucusque
1039 675 1210 723 separati
1247 687 1319 724 pro
1359 688 1400 711 se
1431 676 1597 725 quisque
1627 675 1749 712 locuti

259 747 371 790 sunt,
418 744 496 779 iam
534 743 772 791 colloquium
809 743 1032 779 instituunt.
1108 741 1154 779 In
1194 742 1307 780 codd.
1342 744 1453 791 quasi
1484 756 1594 781 novae
1626 756 1750 780 scenae

260 810 394 848 eadem
433 812 592 848 nomina
623 823 744 860 supra
774 813 924 860 scripta
962 813 1062 857 sunt,
1104 823 1189 859 quae
1221 815 1311 847 ante
1342 823 1377 848 v.
1412 812 1514 856 467,
1563 824 1648 860 quae
1680 824 1749 848 cur

259 880 516 924 omiserimus,
548 880 588 915 in
618 882 806 928 promptu
837 881 907 916 est.
935 898 991 903 -—
1025 879 1116 916 529.
1150 875 1216 915 edi
1246 891 1294 914 ex
1324 877 1452 915 Nonio
1485 878 1748 925 emendatum,

260 949 327 996 qui
358 961 395 996 p.
415 948 495 983 454
529 960 611 984 s.v.
643 945 880 992 „deuorare“
919 950 958 983 et
986 947 1095 984 Asin.
1125 947 1203 983 642
1236 950 1274 982 et
1304 946 1406 983 hunc
1437 959 1589 983 versum
1623 946 1749 984 affert.

259 1015 314 1053 Cf.
356 1016 473 1051 etiam
507 1014 602 1051 Cist.
639 1015 739 1052 549:
791 1014 909 1060 „mihi
949 1014 1055 1052 cibus
1095 1017 1164 1060 est,
1208 1013 1312 1063 quod
1350 1013 1567 1051 fabulare“.
1629 1014 1747 1051 Most.

262 1084 389 1121 1046:
428 1086 607 1131 „gustare
640 1095 710 1131 ego
742 1083 824 1119 eius
855 1095 1074 1120 sermonem
1103 1081 1236 1119 uolo“.
1283 1082 1366 1119 Iam
1398 1082 1600 1131 Aristoph.
1632 1082 1749 1132 Vesp.

259 1152 362 1188 462:
410 1154 509 1198 εἴπερ
551 1150 676 1196 ἔτυχον
719 1152 786 1186 τῶν
822 1152 938 1198 μελῶν
974 1151 1042 1186 τῶν
1074 1151 1282 1192 Φιλοκλέους
1311 1150 1533 1199 βεβρωκότες.
1593 1150 1750 1200 Fragm.

261 1221 359 1257 205:
393 1221 574 1255 Σθενέλου
606 1217 754 1267 φάγοιμ’
787 1219 829 1254 ἂν
860 1219 1007 1268 ῥήματα.
1062 1218 1158 1256 Hor.
1191 1217 1261 1255 Od.
1294 1217 1342 1264 II,
1380 1220 1442 1265 13,
1485 1220 1534 1255 32
1567 1223 1607 1255 et
1637 1218 1750 1256 Ovid.

259 1286 383 1325 Trist.
415 1286 485 1333 ΙΙΙ,
521 1288 554 1332 5,
592 1287 640 1323 14
678 1286 862 1331 „auribus
891 1284 1051 1324 bibere“
1086 1286 1283 1324 dixerunt.
1323 1305 1378 1310 -
1421 1287 1512 1324 530.
1554 1283 1661 1332 Ain,
1702 1285 1749 1323 cf.

262 1356 356 1392 290.
404 1353 612 1392 Cori-ector
636 1355 779 1392 codicis
803 1355 834 1391 B
859 1354 1035 1391 radendo
1063 1351 1172 1401 „An“
1202 1353 1341 1400 effecit,
1375 1354 1480 1404 quod
1510 1355 1751 1403 antiquiores

259 1422 347 1459 edd.
380 1423 536 1460 invasit.
562 1442 618 1447 —
642 1421 738 1460 Post
770 1420 972 1460 audivisti
1001 1423 1131 1460 hiatus
1162 1425 1203 1459 in
1235 1434 1392 1460 caesura.
1453 1422 1608 1460 Muller.
1646 1421 1751 1468 „Iam

258 1488 408 1540 1150110ιι
443 1490 615 1528 volebat.
647 1511 704 1516 ---
745 1493 837 1529 531.
883 1490 942 1528 De
972 1490 1160 1541 prosodia
1190 1491 1297 1527 vocis
1329 1490 1464 1528 tamen
1493 1504 1528 1528 v.
1561 1490 1680 1528 Proll.
1711 1503 1750 1540 p.

259 1559 351 1596 202.
407 1568 426 1595 e
456 1558 571 1596 Both.
598 1559 672 1597 del.
734 1569 821 1597 meo
852 1560 892 1596 in
922 1572 1038 1596 unam
1069 1558 1260 1607 syllabam
1293 1559 1553 1596 contrahitur.
1620 1558 1751 1595 Nimio

255 1626 431 1663 brevium
477 1626 715 1675 syllabarum
760 1640 922 1664 numero
968 1626 1136 1664 offensus
1181 1626 1303 1663 Koch.
1345 1628 1384 1663 in
1423 1627 1563 1664 Annal.
1611 1626 1748 1676 philol.

256 1693 372 1740 CVII⁷
413 1707 452 1744 p.
488 1695 564 1731 841
613 1695 797 1741 ..animod
838 1694 1033 1744 0110110111Η
1077 1708 1194 1732 ausus
1233 1699 1302 1732 est.
1371 1695 1527 1732 Nullius
1565 1695 1751 1731 momenti

256 1766 325 1808 est,
359 1761 465 1811 quod
496 1762 558 1798 hio
591 1776 744 1809 versus,
790 1767 835 1800 ut
865 1776 955 1800 mox
988 1764 1066 1800 540
1099 1767 1138 1800 et
1178 1764 1269 1809 559,
1312 1763 1353 1800 in
1393 1762 1476 1800 cod.
1510 1762 1541 1799 B
1573 1763 1613 1798 in
1652 1761 1750 1799 duos

258 1829 460 1868 dividitur.
498 1850 554 1854 —
596 1832 687 1867 532.
733 1828 864 1879 filiae,
904 1831 983 1868 vid.
1018 1831 1067 1868 ad
1099 1832 1192 1868 287.
1231 1850 1287 1855 —
1324 1827 1516 1877 nitidior,
1556 1829 1747 1876 mundior,

257 1898 412 1945 cultior,
446 1898 494 1935 cf.
513 1898 654 1935 Pseud.
675 1900 779 1936 779:
816 1903 884 1945 „ut
908 1902 1019 1936 curet
1045 1896 1340 1936 nitidiuscule“.
1365 1918 1423 1923 —
1448 1898 1540 1935 533.
1572 1898 1617 1934 In
1642 1898 1750 1934 exitu

255 1965 371 2002 huius
401 1979 537 2002 versus
570 1965 657 2003 edd.
690 1970 778 2003 ante
801 1966 970 2003 Franck.
1003 1967 1305 2015 interpungunt,
1340 1979 1416 2015 quo
1447 1965 1510 2012 fit,
1545 1970 1588 2003 ui:
1619 1969 1658 2002 et
1686 1964 1750 2002 1110

255 2046 390 2070 versus
422 2033 580 2083 ellipsin
611 2034 755 2070 habeat
786 2035 943 2071 minime
975 2034 1221 2084 probabilem
1261 2038 1301 2070 et
1330 2036 1531 2083 proximus
1561 2033 1634 2071 hoc
1665 2034 1748 2082 qui-

255 2101 345 2138 dem
376 2101 461 2138 loco
486 2114 600 2138 sensu
625 2105 769 2138 careat.
816 2101 1084 2150 lungendum:
1119 2101 1192 2148 Qui
1209 2114 1281 2151 pro
1296 2115 1338 2139 re
1364 2132 1371 2139 .
1393 2132 1400 2139 .
1422 2132 1429 2139 .
1453 2101 1613 2138 habent.
1659 2101 1749 2138 Non

256 2170 382 2217 magis
415 2168 685 2215 dubitandum,
719 2170 813 2218 quin
844 2171 884 2207 in
914 2171 1095 2219 proximo
1127 2183 1244 2207 versu
1274 2174 1380 2208 recte
1412 2169 1523 2207 codd.
1555 2169 1602 2216 D,
1633 2169 1664 2215 I,
1697 2169 1746 2206 al.

255 2236 510 2273 indicativum
551 2237 773 2286 praebeant,
819 2235 1111 2284 memineram
1157 2241 1276 2287 poeta
1314 2251 1380 2275 eos
1420 2237 1533 2284 dicit,
1582 2238 1650 2287 qui
1689 2237 1747 2274 ni-

254 2309 382 2341 torem
423 2308 462 2341 et
500 2304 750 2354 splendorem
791 2305 918 2343 cultus
960 2306 1010 2343 ad
1048 2307 1106 2343 rei
1136 2305 1344 2343 familiaris
1375 2305 1568 2342 rationem
1599 2318 1747 2342 accom-

254 2372 434 2419 modent,
473 2372 689 2422 prudentes
721 2385 802 2409 esse
834 2386 990 2422 suaeque
1023 2374 1260 2411 condicionis
1291 2385 1500 2419 memores,
1544 2374 1611 2422 qui
1641 2373 1747 2409 ultra

254 2454 336 2476 rem
366 2441 531 2490 gloriari
562 2440 766 2486 studeant,
809 2453 872 2477 eos
912 2442 1055 2479 stultos
1088 2455 1171 2479 esse
1202 2442 1340 2490 suique
1371 2440 1535 2487 oblitos,
1569 2440 1616 2477 cf.
1649 2440 1744 2477 Hor.

254 2508 327 2558 Ep.
359 2509 388 2556 Ι,
425 2510 485 2555 18,
520 2509 592 2545 22:
644 2507 805 2554 „Gloria
845 2522 959 2558 quem
999 2522 1119 2558 supra
1157 2509 1259 2545 vires
1301 2512 1341 2545 et
1370 2509 1490 2545 vestit
1522 2512 1561 2545 et
1590 2506 1743 2555 ungit“.

254 2576 365 2613 Vidit
393 2576 498 2614 idem
521 2575 644 2613 Koch.
669 2577 770 2613 Ann.
795 2576 892 2625 phil.
919 2576 1035 2624 CVII,
1063 2579 1155 2615 841.
1187 2596 1243 2602 —
1277 2577 1368 2614 535.
1402 2573 1622 2625 quoiquam
1652 2575 1746 2612 olim

255 2644 517 2690 emendatum,
550 2645 644 2681 item
678 2645 755 2682 536
786 2654 852 2682 res
878 2644 1038 2682 structa
1062 2645 1135 2692 est,
1167 2645 1194 2681 i.
1213 2657 1244 2681 e.
1272 2648 1470 2693 congesta,
1503 2646 1743 2680 coacervata.

254 2711 393 2749 Euclio
423 2712 682 2761 Megadorum
722 2712 880 2749 credere
917 2715 1028 2748 vetat,
1065 2716 1133 2748 aut
1163 2711 1238 2748 sibi
1269 2716 1337 2748 aut
1369 2713 1550 2760 cuiquam
1580 2712 1746 2760 pauperi

254 2793 336 2816 rem
375 2780 607 2817 familiarem
647 2793 730 2817 esse
768 2779 873 2816 domi
911 2779 1142 2828 ampliorem
1181 2791 1300 2828 quam
1337 2779 1530 2816 videatur.
1561 2798 1617 2803 -—
1649 2779 1741 2816 537.
