1854 3188
174 190 358 236 Prologus
846 190 1001 236 Captiui·
1591 196 1668 234 149

174 316 374 359 Profecto
405 316 606 371 expediet
636 315 810 358 fabulae
841 316 943 357 huic
974 330 1153 371 operam
1185 317 1308 370 dare3

175 388 272 430 Non
303 391 571 443 pertractate
601 386 764 429 factast
795 402 934 442 neque
965 389 1071 430 item
1101 393 1150 430 ut
1181 393 1362 442 ceterae,
1629 402 1672 436 55

174 460 325 514 Neque
356 460 593 514 spurcidici
623 460 771 501 insunt
803 473 956 501 uersus
988 461 1353 503 inmemorabiles.

174 531 257 573 Hic
286 545 427 586 neque
457 532 657 586 periurus
689 531 830 573 lenost
864 545 940 573 nec
971 533 1179 574 meretrix
1210 533 1325 575 mala

174 603 326 658 Neque
358 603 482 645 miles
513 604 740 657 gloriosus.
801 604 863 645 Ne
896 605 1148 656 uereamini,

177 674 290 725 Quia
319 675 480 718 bellum
514 676 678 718 Aetolis
711 690 803 718 esse
837 676 925 717 dixi
957 691 1053 718 cum
1083 676 1224 728 Aleis;

175 747 301 790 Foris
331 747 420 789 illic
452 752 574 790 extra
605 762 780 790 scenam
811 748 917 790 fient
947 749 1126 803 proelia.
1629 761 1674 795 60

175 819 285 861 Nam
313 819 396 862 hoc
427 833 566 873 paene
596 821 845 874 iniquomst⁷
879 822 1040 862 comico
1074 821 1279 875 choragio

177 891 337 934 Conari
369 891 570 934 desubito
603 907 730 947 agere
761 907 839 934 nos
874 893 1157 946 tragoediam.

175 964 307 1006 Proin
338 964 373 1006 si
405 965 500 1019 quis
531 978 722 1019 pugnam
754 969 969 1019 expectat,
1000 964 1089 1007 litis
1122 964 1375 1017 contrahat3

176 1036 475 1078 Ualentiorem
505 1040 692 1079 nanctus
725 1037 1024 1079 aduorsarium

179 1107 223 1150 Si
255 1109 348 1159 erit,
380 1123 456 1163 ego
488 1107 662 1160 faciam,
693 1114 741 1150 ut
773 1123 963 1163 pugnam
993 1110 1207 1164 inspectet
1237 1123 1322 1152 non
1353 1109 1525 1161 bonam,
1631 1121 1675 1154 65

176 1180 296 1223 Adeo
328 1184 377 1222 ut
409 1185 607 1235 spe-ctare
639 1185 794 1235 postea
825 1182 964 1223 omnis
996 1181 1150 1224 oderit.

176 1252 310 1294 Abeo.
372 1252 538 1305 Ualete‚
569 1252 734 1295 iudices
766 1253 1006 1296 iustissumi

176 1324 304 1366 Domi
336 1324 554 1378 duellique
587 1325 852 1368 duellatores
884 1327 1062 1380 optumi.

267 1495 310 1529 58
337 1494 522 1540 gloriosus
543 1506 620 1530 esse
636 1496 890 1532 neuereamini
961 1498 1004 1531 59
1031 1496 1160 1532 aetolis
1176 1495 1238 1530 dix
1252 1495 1444 1531 cumalidis
1515 1496 1560 1529 60
1584 1494 1675 1529 fiant

176 1552 220 1586 63
244 1551 406 1596 bellique
