1845 3171
740 193 782 227 v.
809 194 998 228 525—557.
1531 196 1609 234 573

121 327 236 364 huius
274 326 379 363 vocis
420 324 611 374 syllabam
650 323 883 374 produxisse
921 323 1103 360 Plautum
1142 324 1182 359 in
1220 322 1399 359 Rudente
1439 328 1612 359 testatur

123 395 287 433 Sisenna
328 393 432 443 apud
472 392 600 430 Rufin.
633 405 670 441 p.
714 393 818 429 2711
861 391 922 438 P.‚
972 405 1006 428 v.
1039 390 1188 428 Ritsch.
1227 390 1387 438 Parerg.
1427 405 1465 441 p.
1509 390 1609 435 375;

123 462 191 500 sed
221 463 262 499 in
293 462 361 498 illa
391 461 523 499 fabula
553 474 630 498 vox
671 474 747 497 non
790 463 909 496 extat.
979 459 1061 496 Hoc
1093 457 1178 495 fieri
1209 471 1285 495 non
1316 472 1429 509 posse
1463 459 1609 495 Ritsch.

124 531 150 569 1.
181 530 206 568 l.
239 544 278 581 p.
312 530 388 567 381
424 543 481 579 sq.
515 528 730 566 arbitratus
762 532 843 574 est3
876 527 935 565 Fl.
968 531 1137 576 transp.:
1171 527 1366 564 latronum
1398 526 1530 577 pars‘·.
1560 546 1607 551 —

130 599 223 637 548.
267 594 376 647 Quid
403 593 510 646 feei?
559 597 669 634 codd.
703 599 906 645 corrupte3
955 594 1061 644 quod
1104 599 1233 632 autem
1272 600 1367 632 antt.
1400 595 1488 631 edd.
1523 595 1611 631 sub-

123 667 354 704 stituerunt:
406 664 584 713 „THER
626 664 727 710 Quid
767 660 950 701 fecisti?“
996 676 1072 699 non
1111 664 1238 699 minus
1276 676 1438 711 pravum
1479 668 1535 700 est
1576 667 1612 699 et

123 736 313 784 ineptum.
367 732 562 770 Errarunt
588 734 712 780 igitur
744 733 811 782 qui
835 732 924 768 inde
949 730 1116 781 profecti
1140 731 1312 766 numeris
1338 732 1453 768 huius
1480 745 1613 768 versus

123 805 181 840 ita
212 805 502 848 succurrerunt,
533 805 576 838 ut
609 801 778 838 aiterum
809 797 892 850 fec‘fe'
922 799 1099 836 delerent
1131 796 1268 844 (Weis.
1302 798 1440 849 Speng.
1474 793 1614 836 Luchs

123 871 165 908 in
196 871 330 907 Herm.
366 869 471 916 VIII,
503 884 542 919 p.
580 867 684 915 111),
719 881 953 918 quamquam
985 870 1112 904 minus
1144 869 1263 903 etiam
1293 867 1454 916 probari
1486 871 1616 916 potest

125 939 284 977 omissio
308 939 414 975 vocis
435 935 507 984 tm',
534 951 649 987 quam
666 937 927 987 praetulerunt
946 935 1060 973 Both.
1079 934 1138 972 Fl.
1157 935 1328 981 Mulier,
1348 937 1413 984 qui
1431 935 1487 972 Pl.
1506 935 1614 973 Pros.

124 1022 164 1058 p.
183 1007 261 1045 701
289 1020 360 1056 Sq.,
391 1006 464 1043 hoc
494 1006 643 1043 frustra
667 1004 874 1042 defendere
900 1009 1064 1041 conatur
1089 1003 1175 1040 0011.
1202 1005 1308 1040 Asin.
1331 1004 1405 1040 193
1435 1008 1470 1039 et
1497 1003 1615 1039 Mero.

127 1075 221 1114 517.
269 1073 329 1112 tm
351 1076 616 1112 necessarium
644 1078 714 1119 est,
749 1073 933 1122 quoniam
962 1071 1061 1108 1111111
1089 1075 1158 1117 est,
1191 1071 1294 1108 unde
1321 1071 1448 1107 audiri
1473 1072 1615 1120 possit:

126 1140 206 1192 feci
233 1147 364 1180 autem
390 1142 599 1179 delendum
624 1141 722 1178 illud
757 1141 915 1190 quidem
949 1144 1007 1176 est
1040 1153 1084 1176 eo
1115 1140 1213 1185 loco.
1248 1153 1324 1188 quo
1358 1139 1507 1176 numeri
1539 1152 1617 1175 non

126 1212 269 1257 ferunt,
302 1210 369 1247 sed
399 1224 478 1249 non
509 1210 760 1255 audiendum,
795 1213 902 1246 extat
936 1209 1039 1244 enim
1065 1210 1106 1244 in
1133 1207 1470 1253 antecedentibus,
1504 1207 1618 1245 modo

127 1279 307 1317 deleatur
321 1279 645 1327 interrogationis
663 1280 831 1325 signum.
877 1276 1034 1313 Excidit
1051 1280 1193 1315 autem.
1221 1288 1306 1324 quae
1325 1276 1442 1312 etiam
1459 1275 1620 1313 Mulieri

127 1348 322 1386 sententia
367 1346 463 1393 fuit,
518 1348 594 1384 nisi
647 1346 762 1383 fallor
814 1348 978 1395 propter
1033 1344 1258 1380 litterarum
1313 1343 1619 1390 similitudinem,

126 1413 386 1465 interrogatio
418 1415 553 1452 militis
586 1418 623 1451 et
654 1416 811 1452 initium
851 1425 1002 1458 eorum.
1047 1424 1131 1461 quae
1172 1411 1383 1461 respondet
1417 1412 1533 1460 Lyco.
1567 1431 1621 1437 —

131 1485 223 1522 551.
255 1481 311 1521 iis
343 1479 504 1521 tabellis
535 1482 660 1528 codd,
695 1481 800 1532 quod
837 1482 918 1518 ..is‘*
953 1481 1031 1530 legi
1061 1484 1232 1529 poterat.
1265 1484 1308 1516 ut
1334 1492 1368 1516 v,
1399 1480 1498 1523 5523
1533 1479 1619 1517 edd.

135 1550 267 1600 ,‚his“;
299 1551 367 1589 sed
397 1564 614 1601 pronomen
646 1549 855 1587 delendum
888 1562 982 1595 esse.
1016 1548 1221 1597 responsio
1253 1547 1421 1595 Lyconis
1454 1549 1621 1593 evincit,

130 1634 201 1658 nec
226 1620 328 1657 enim
354 1619 599 1657 Curculionis
624 1619 792 1655 tabellis.
826 1617 894 1654 sed
926 1618 1083 1654 omnino
1107 1615 1264 1652 tabellis
1295 1616 1357 1652 'vel
1383 1629 1443 1652 res
1468 1615 1623 1665 publica

130 1689 193 1726 vel
224 1688 389 1726 aliorum
419 1689 585 1738 privatae
617 1700 681 1723 res
712 1690 915 1736 geruntur.
954 1705 999 1709 —
1044 1685 1135 1721 552.
1188 1680 1305 1732 Qw‘S.
1346 1685 1370 1720 i.
1406 1696 1436 1719 e.
1470 1683 1621 1731 quibus,

132 1770 249 1806 quam
278 1756 443 1793 formam
467 1755 623 1793 Muller.
656 1755 818 1792 Nachtr.
843 1768 881 1804 p.
911 1755 960 1790 82
994 1753 1141 1807 frustra
1174 1766 1193 1788 a
1225 1751 1367 1788 Plauto
1401 1751 1624 1788 abiudicare

133 1830 308 1862 conatur.
339 1844 396 1849 —
424 1834 508 1861 ‘non
532 1823 591 1861 Fl.
617 1837 702 1869 em.,
736 1836 852 1872 quem
884 1826 1037 1858 secutus
1069 1834 1166 1866 sum,
1201 1832 1435 1869 quamquam
1468 1818 1624 1856 dubita-

131 1894 280 1930 tionem
321 1892 489 1941 aliquam
530 1897 661 1929 movet-
693 1891 994 1941 Amphitruonis
1033 1889 1139 1925 locus
1172 1889 1251 1925 400
1285 1901 1341 1936 sq.
1374 1907 1429 1912 —-
1470 1884 1508 1924 2'3
1541 1886 1624 1924 cod.

132 1961 175 2007 B,
207 1974 244 1998 v.
263 1960 419 2008 Proleg.
436 1973 474 2009 p.
495 1961 588 1998 212.
608 1980 661 1984 -—-
688 1961 781 1997 553.
815 1955 913 1996 abeo
946 1962 983 1994 et
1015 1954 1194 1994 solutast
1224 1955 1311 1992 edd.
1337 1975 1393 1980 —
1418 1965 1485 1992 res
1517 1951 1626 1991 soh(-

133 2029 238 2075 ΐα8ΐ,
278 2042 314 2065 v.
346 2028 449 2065 infra
482 2030 574 2066 618.
609 2030 704 2066 717.
739 2027 786 2064 ad
818 2027 926 2064 Asin.
960 2026 1053 2062 430.
1094 2044 1146 2049 —
1191 2025 1281 2060 554.
1328 2019 1519 2060 ualeam?
1566 2022 1626 2059 In-

134 2096 408 2147 dignabundus
441 2098 603 2146 quaerit:
648 2096 772 2142 „Num
804 2095 937 2132 ualere
968 2107 1028 2130 me
1059 2091 1225 2129 iubeSP‘·
1278 2091 1381 2140 Lyco
1405 2089 1625 2140 respondet,

135 2166 248 2215 quasi
277 2165 388 2202 miles
418 2165 686 2203 valetudinem
728 2166 960 2213 aspernatus
1001 2166 1115 2198 esset.
1147 2179 1204 2185 —-
1244 2157 1281 2197 Si
1326 2154 1436 2197 lube(
1474 2157 1625 2194 Camer.

135 2248 207 2272 em.
239 2254 294 2258 —
325 2232 507 2280 aetatem,
539 2246 575 2270 v.
608 2232 658 2269 ad
688 2231 830 2281 Amph.
868 2230 986 2267 1016.

252 2304 344 2340 555.
375 2298 552 2351 reffl'bus.
585 2299 879 2350 Expectabatur
907 2295 1084 2345 .,reges“.
1133 2296 1276 2333 Versus
1303 2306 1420 2330 causa
1453 2291 1626 2328 ablativo

136 2384 228 2408 casu
242 2370 407 2408 Plautus
422 2383 516 2407 usus
533 2373 602 2415 est,
629 2373 673 2405 ut
692 2380 812 2417 quum
837 2366 999 2403 dicitur:
1037 2363 1158 2413 „quid
1184 2363 1255 2399 hoc
1276 2362 1432 2398 homine
1449 2355 1625 2396 facias?“

137 2458 191 2463 —
220 2440 311 2476 556.
343 2434 592 2476 umbraticus
618 2450 647 2474 s.
673 2434 910 2480 umbratilis,
942 2434 967 2471 i.
986 2447 1017 2471 e.
1043 2433 1082 2469 in
1106 2431 1245 2469 umbra
1273 2428 1472 2473 educatus,
1507 2439 1628 2476 oppo-

135 2508 246 2543 nitur
278 2506 442 2544 militari
473 2509 513 2542 et
543 2505 613 2542 sub
647 2503 712 2540 dio
744 2504 876 2540 vivere
909 2505 1105 2538 consueto.
1166 2498 1280 2534 Truc.
1310 2497 1409 2533 601:
1448 2493 1626 2532 ..umbra-

136 2571 321 2621 ticulus‘2,
353 2587 444 2621 non,
477 2578 520 2611 ut
552 2572 668 2622 vulgo
701 2571 831 2608 editur
867 2565 1190 2612 ..umbraticolfflss
1251 2563 1426 2601 Iuvenal.
1457 2564 1493 2607 7.
1532 2563 1628 2598 105;

143 2655 289 2691 „genus
318 2644 518 2690 ignavum,
551 2640 658 2690 quod
688 2640 791 2677 lecto
823 2637 967 2688 gaudet
999 2640 1036 2672 et
1068 2632 1248 2671 umbra‘·.

255 2712 346 2748 557.
385 2710 495 2747 Leno
526 2708 629 2746 redit
662 2708 782 2745 sacris
813 2706 996 2755 peractis.
1057 2702 1159 2739 Deos
1198 2700 1271 2737 sibi
1311 2698 1506 2747 propitios
1547 2709 1630 2733 esse

140 2783 374 2828 cognoverat
405 2778 455 2825 (v.
492 2775 610 2823 530),
657 2775 746 2812 inde
779 2773 916 2816 efficit,
959 2770 1044 2806 fieri
1075 2781 1152 2805 non
1182 2779 1315 2817 posse,
1360 2771 1401 2802 ut
1434 2764 1509 2801 sibi
1540 2764 1631 2800 irati
