1854 3188
129 199 178 241 ΙΙ,
193 201 225 243 3,
243 199 375 233 37—51
772 198 986 233 Bacchides.
1571 204 1620 242 79

129 326 369 367 Damnatus
402 324 585 375 demum,
617 324 662 366 ui
694 329 870 366 coactus
902 324 1094 367 reddidit

132 397 354 439 Ducentos
385 396 632 451 Philippum
665 400 708 438 et
738 396 866 437 mille.

730 479 1027 522 Nicobulus

944 551 1132 594 Tantum
1165 552 1326 594 debuit.

724 623 1020 678 Chrysalus

123 696 257 738 Porro
288 696 422 739 etiam
453 695 654 738 ausculta
684 710 872 750 pugnam
904 710 1034 750 quam
1065 696 1206 738 uoluit
1238 696 1355 738 dare.
1553 708 1622 742 270

719 767 754 808 N
770 767 1024 810 icobulus

124 841 325 883 Etiamne
358 848 423 882 est
455 840 559 895 quid
590 840 753 894 porro?

725 911 1021 966 Chrysalus

827 984 917 1035 Em,
950 984 1209 1037 accipitrina
1238 984 1347 1026 haec
1377 998 1490 1026 nunc
1523 985 1616 1026 erit.

721 1056 1021 1098 Nicobulus

122 1129 338 1184 Deceptus
369 1143 485 1181 sum3
518 1129 731 1184 Autolyco
763 1129 926 1183 hospiti
959 1143 1112 1170 aurum
1145 1127 1322 1169 credidi.

727 1215 1023 1270 Chrysalus

124 1286 236 1338 Quin
267 1293 313 1329 tu
344 1287 459 1330 audi.

719 1359 886 1400 Nicob
899 1360 1020 1401 ulus

506 1431 734 1485 Ingenium
767 1431 884 1473 auidi
915 1431 1033 1473 haud
1063 1446 1295 1486 pernoram
1326 1431 1524 1486 hospitis.

721 1518 1019 1573 Chrysalus

122 1591 360 1643 Postquam
392 1605 544 1633 aurum
575 1591 845 1638 abstulimus,
877 1592 919 1632 in
950 1605 1107 1632 nauem
1139 1591 1468 1633 conscendimus

122 1663 250 1704 Domi
282 1663 517 1716 cupientes.
578 1663 708 1705 Forte
740 1672 789 1703 ut-
821 1663 971 1704 adsedi
1001 1664 1045 1704 in
1077 1668 1214 1716 stega,
1553 1674 1619 1708 275

123 1735 235 1776 Dum
267 1735 594 1789 circumspecto⁷
627 1739 757 1788 atque
791 1750 867 1788 ego
900 1735 1088 1776 lembum
1122 1736 1350 1789 conspicor

120 1807 329 1861 Longum,
362 1811 588 1861 trygonem
619 1806 874 1850 maleficum.
909 1808 1174 1848 exornarier.

723 1894 1018 1935 Nicobulus

122 1966 237 2008 Perii
268 1965 433 2017 hercle3
464 1965 631 2007 lembus
661 1965 733 2007 ille
767 1965 870 2006 mihi
901 1966 1035 2007 laedit
1067 1967 1196 2007 latus.

721 2051 1021 2107 Chrysalus

121 2125 162 2167 Is
195 2131 287 2167 erat
320 2126 557 2167 communis
590 2139 686 2167 cum
718 2125 890 2179 hospite
924 2130 965 2166 et
996 2125 1306 2179 praedonibus.

719 2212 1020 2254 Nicobulus

121 2284 271 2326 Adeon
303 2299 370 2326 me
400 2284 533 2326 fuisse
563 2283 755 2338 fungum,
788 2289 835 2325 ut
868 2285 941 2336 qui
972 2284 1034 2325 illi
1068 2284 1300 2336 crederem,
1554 2295 1621 2329 280

124 2355 262 2406 Quom
292 2357 350 2398 mi
380 2357 524 2410 ipsum
554 2371 711 2398 nomen
745 2357 836 2397 eius
869 2356 1195 2398 Archidemides

121 2427 340 2470 Clamaret
371 2429 648 2483 dempturum
680 2442 789 2479 esse,
823 2429 859 2469 si
891 2429 995 2483 quid
1029 2429 1280 2471 crederem?

212 2614 278 2647 268
304 2612 517 2647 deociumG
575 2614 640 2647 269
667 2616 703 2647 et
716 2612 818 2647 mille
831 2613 1039 2657 philippum
1089 2614 1154 2647 271
1181 2612 1266 2647 hem
1284 2610 1312 2646 C
1381 2610 1508 2654 accipe
1521 2610 1621 2644 trina

120 2671 186 2704 272
211 2670 380 2704 auioloco
405 2670 457 2711 B,
488 2669 645 2704 auiolico
674 2668 703 2704 Ο
755 2671 819 2704 273
845 2669 934 2704 NIC.
960 2670 1080 2703 Immo
1106 2669 1295 2713 ingenium
1357 2668 1422 2701 275
1458 2666 1619 2700 Domum

121 2728 186 2760 277
209 2727 380 2770 Longum
406 2731 439 2760 st
464 2727 626 2770 rigorem
651 2725 703 2768 B,
736 2726 907 2770 Longum
933 2732 987 2761 cst
1013 2728 1177 2770 rigorem
1206 2724 1232 2759 C
1364 2725 1429 2758 280
1455 2734 1512 2757 me
1540 2734 1619 2758 esse

120 2782 231 2818 fuisse
261 2782 291 2818 C
371 2783 558 2818 crederem
585 2793 649 2817 om.
678 2783 706 2817 G
814 2786 876 2818 231
906 2782 1169 2818 archidemidis
