1897 3171
256 199 337 236 504
924 192 1081 236 Captiui.

256 324 478 361 Periculum
511 335 604 359 meae
634 324 737 368 vitae,
769 323 912 370 inquit,
945 326 1012 357 tuo
1044 320 1218 370 periculo
1253 319 1404 364 emitur,
1438 317 1497 354 vel
1525 317 1615 366 quia
1641 318 1745 353 servi

258 405 362 428 mors
401 404 555 439 semper
594 391 743 427 domini
781 390 964 426 damnum
1004 393 1083 435 est,
1131 389 1192 425 vel
1231 388 1321 436 quia
1361 385 1543 434 Tyndaro
1584 389 1748 429 necato,

257 462 385 497 minus
418 471 541 496 causae
567 463 624 495 est
640 458 866 504 Philocrati,
901 471 969 494 cur
993 470 1078 493 cum
1102 455 1374 504 Philopolemo
1400 453 1544 490 redeat.
1570 473 1624 477 ——
1651 453 1741 489 735.

258 526 302 566 m
332 528 472 573 morte,
506 540 540 563 v.
574 526 622 562 ad
646 526 783 563 Bacch.
815 526 931 563 1197.
969 544 1013 549 —
1052 525 1144 561 736.
1170 521 1347 571 pemmo
1378 526 1482 558 rect-e
1515 524 1604 558 cett.
1630 520 1743 557 codd.

256 617 312 622 —-
353 597 445 633 737.
493 591 691 640 „minitas
729 607 801 643 pro
843 591 1059 629 minitaris“
1096 592 1246 628 Nonius
1278 604 1316 640 p.
1351 591 1453 635 473,
1494 589 1658 625 afferens
1700 601 1746 624 ex

259 665 393 702 Livio:
433 662 586 709 „Etiam
618 660 817 707 minitas⁴‘,
851 665 888 697 et
920 661 1048 697 Plaut.
1081 660 1222 709 Amph.
1257 660 1373 696 1032.
1412 678 1457 681 —
1494 659 1587 695 738.
1618 654 1746 702 salue,

259 746 294 769 v.
328 732 374 768 ad
407 731 516 768 Asin.
553 731 644 768 586.
681 749 729 753 -
773 730 865 766 743.
909 725 1088 766 Parisiis
1121 731 1194 765 etc.
1257 727 1362 764 Brix.
1395 725 1494 763 conf.
1528 726 1611 762 Mil.
1647 726 1747 762 8272

268 801 442 849 „periisti
474 800 563 844 iam,
597 799 670 834 nisi
701 811 838 834 uerum
871 796 993 834 scio“.
1044 797 1142 833 163:
1182 795 1441 843 .,disperistis,
1475 796 1515 831 ni
1545 807 1667 842 usque
1700 793 1745 829 ad

260 872 427 905 moi-teni
461 867 560 903 male
592 863 865 902 mulcassitis‘⁴.
927 865 1043 902 Poen.
1080 865 1177 901 352:
1227 864 1330 909 „Iam
1361 862 1491 899 hercle
1522 866 1565 898 tu
1597 863 1747 911 peristi,

261 937 298 973 ni
331 936 439 972 illum
479 935 572 971 mihi
613 938 692 970 tam
731 933 986 982 tranquillam
1027 932 1162 969 facis‘'.
1233 931 1375 967 Versus
1405 934 1572 980 propter
1602 930 1750 966 hiatum

260 1008 351 1054 post
388 1000 473 1041 ‘ni-Si
512 1003 665 1039 dubius.
728 1002 785 1038 Fl.
824 1003 921 1047 ⁴,nisi
962 1002 1037 1037 iam
1077 1000 1201 1037 hunc’‘
1238 999 1310 1043 ecl,
1353 998 1474 1048 Gepp.
1514 999 1639 1044 „hunc
1680 999 1752 1034 nisi

263 1070 380 1118 iam“,
428 1071 492 1108 Br.
531 1071 628 1116 „nisi
659 1071 783 1107 istunc
825 1067 943 1106 ia=u“.
990 1089 1044 1093 —
1091 1070 1183 1105 745.
1222 1064 1401 1117 phylaca
1439 1067 1511 1104 hoc
1551 1081 1626 1104 uno
1666 1066 1751 1103 loco

264 1141 428 1187 legitur,
476 1139 544 1175 sed
582 1138 809 1187 phylacistae
841 1139 929 1175 Aul.
966 1139 1056 1175 510.
1096 1157 1152 1161 —-
1192 1138 1284 1173 748.
1337 1133 1454 1184 Quod
1492 1131 1644 1183 absque
1681 1131 1754 1172 hoc

265 1208 381 1253 63361‘,
414 1209 438 1245 i.
473 1220 504 1244 e.
539 1207 642 1255 quod
673 1207 705 1243 si
736 1207 797 1242 hic
830 1220 905 1243 non
938 1206 1093 1251 fuisset,
1127 1220 1162 1243 v.
1196 1205 1242 1241 ad
1276 1204 1412 1241 Bacch.
1446 1205 1539 1241 409.
1573 1223 1627 1227 —
1660 1204 1755 1239 749.

265 1273 512 1324 offrenatum
545 1274 761 1312 Gulielmius
793 1289 878 1320 em„
913 1275 1024 1324 quasi
1057 1274 1174 1310 frenis
1207 1273 1407 1309 domitum.
1441 1291 1495 1296 —
1529 1273 1620 1308 754.
1662 1281 1751 1308 secr·

258 1343 354 1394 puit
384 1344 594 1389 Camerar„
629 1344 673 1380 cf.
703 1345 738 1380 8.
772 1363 825 1368 ——-
858 1345 950 1380 750.
985 1339 1137 1388 Μαίθν,
1171 1355 1222 1378 sc.
1247 1340 1361 1377 filius.
1409 1337 1579 1388 potitus,
1614 1339 1660 1376 of.
1688 1340 1753 1376 92.

262 1434 317 1439 --
357 1409 507 1458 scelus,
550 1412 828 1457 infortunium,
876 1425 911 1448 v.
945 1411 993 1447 ad
1035 1411 1139 1447 Asin.
1175 1411 1266 1447 473.
1329 1409 1423 1445 Tam
1457 1408 1578 1453 male,
1627 1408 1756 1456 inquit

264 1483 396 1519 omnia
428 1481 624 1526 eveniunt,
659 1482 768 1529 quasi
800 1480 871 1516 hoc
903 1481 941 1515 in
975 1479 1065 1515 fatis
1097 1479 1235 1515 fuisset
1264 1481 1320 1523 ut,
1355 1490 1473 1526 quun]
1498 1477 1641 1512 liberos
1666 1488 1756 1524 pro-

264 1549 474 1594 duxissem,
502 1548 618 1585 orbus
644 1561 855 1585 manerem.
883 1567 938 1571 —
965 1549 1057 1585 758.
1093 1543 1278 1595 Sequere,
1314 1544 1633 1593 Aristophontem
1661 1544 1756 1580 allo-

264 1618 408 1667 quitur.
442 1636 497 1640 —
536 1614 759 1654 redducam
797 1618 933 1665 scripsi
967 1630 1053 1653 cum
1086 1615 1166 1660 FL,
1214 1619 1257 1651 ut
1288 1613 1430 1650 Pseud.
1466 1614 1544 1649 672
1578 1613 1611 1649 A
1643 1616 1682 1648 et
1715 1612 1755 1649 B.

265 1686 312 1723 al.
347 1686 394 1722 cf.
428 1685 585 1722 Lucret.
619 1685 647 1729 Ι,
684 1686 782 1721 228:
828 1684 1046 1732 „Redducit
1080 1683 1206 1719 Venus
1239 1686 1306 1719 aut
1338 1681 1571 1718 redductum
1604 1680 1757 1717 daedala

265 1752 422 1791 tellus“.
484 1753 586 1790 infra
628 1755 720 1791 918.
788 1749 1031 1798 „Nemini-5⁸⁴
1075 1752 1129 1787 ait
1159 1751 1310 1787 Nonius
1349 1763 1386 1798 p.
1425 1750 1499 1786 143
1545 1762 1641 1799 ..pro
1674 1748 1758 1784 nul-

265 1824 352 1859 lius.
415 1822 579 1858 Plautus
611 1820 808 1871 Captivis:
856 1821 1030 1858 Nominis
1062 1832 1120 1856 me
1153 1820 1331 1864 miseret,
1381 1831 1468 1854 nam
1506 1831 1563 1854 me
1601 1819 1762 1854 miseret

266 1888 501 1928 nenii11e1n²‘.
562 1889 785 1926 Priscianus
813 1889 876 1934 VI,
916 1890 975 1934 15,
1008 1902 1046 1937 p.
1078 1889 1155 1925 207
1184 1887 1218 1923 H
1246 1900 1398 1923 versum
1432 1890 1536 1922 recte
1569 1887 1759 1933 scriptum

268 1959 399 2004 affert,
446 1959 520 1995 nisi
561 1958 665 2007 quod
704 1961 877 1994 extremo
915 1958 999 1994 loco
1045 1953 1208 2004 „nemo'‘
1246 1955 1375 1992 habet.
1437 1951 1534 2000 mei,
1584 1953 1685 2002 quod
1721 1954 1762 1989 in

269 2031 362 2064 cett.
403 2027 514 2063 codd.
555 2030 680 2072 extat,
727 2027 767 2062 in
807 2026 836 2062 B
875 2025 1030 2063 addidit
1076 2024 1246 2061 secunda
1286 2036 1444 2068 manus,
1494 2022 1676 2059 coalescit
1723 2023 1762 2057 in

268 2108 385 2132 unam
426 2094 634 2143 syllabam3
687 2092 808 2140 „mis“
850 2094 1060 2144 proposuit
1099 2093 1157 2129 Fl.
1192 2098 1230 2129 et
1270 2092 1411 2129 Luchs.
1446 2091 1576 2128 Herm.
1610 2090 1681 2134 VI,
1724 2103 1761 2138 p.

272 2165 364 2201 273.
426 2163 503 2199 Pro
535 2160 725 2200 miserere]
756 2162 988 2211 Spengelius
1020 2162 1068 2198 ad
1100 2161 1257 2197 Trucul.
1293 2161 1328 2206 2,
1366 2161 1398 2202 1,
1437 2160 1481 2196 13
1517 2155 1631 2206 (225)
1670 2160 1766 2203 „mi-

271 2229 423 2269 sererc“
459 2231 646 2279 postulat,
679 2230 872 2279 probante
890 2230 1035 2275 Brixio,
1070 2229 1172 2279 quod
1199 2242 1269 2266 nec
1293 2229 1362 2265 illo
1387 2229 1472 2265 loco
1500 2227 1763 2263 necessarium

273 2304 342 2346 est,
376 2313 466 2336 nam
499 2298 696 2348 spondeus
728 2300 767 2334 in
800 2302 940 2346 quarto
972 2298 1163 2334 octonarii
1195 2296 1293 2347 pede
1325 2296 1418 2332 ferri
1450 2295 1586 2340 debet,
1628 2307 1696 2330 nec
1730 2294 1765 2329 ei

273 2367 486 2405 verisimile
517 2367 729 2412 videbitur,
766 2368 831 2415 qui
864 2371 902 2403 et
932 2367 1050 2402 tertio
1082 2365 1212 2402 Plauti
1244 2365 1329 2402 loco
1358 2362 1515 2409 (Pseud.
1537 2361 1635 2400 378:
1674 2364 1766 2410 ..qui

273 2450 334 2473 me
366 2438 425 2473 tui
458 2436 633 2472 misereri
663 2433 886 2485 postulas“)
928 2434 1088 2471 eandem
1128 2434 1289 2470 formam
1321 2432 1472 2481 legerit,
1513 2435 1551 2467 et
1582 2432 1766 2480 antiquos

274 2505 496 2541 meminerit
535 2504 651 2540 etiam
695 2505 924 2549 „miseretur
956 2501 1038 2538 me“
1076 2502 1245 2546 dixisse,
1293 2505 1337 2537 ut
1375 2500 1575 2548 Turpilius
1615 2503 1655 2535 et
1697 2498 1765 2535 Pa-

275 2574 411 2610 cuvius
443 2585 503 2620 ap.
537 2572 637 2609 Non.
672 2586 708 2621 p.
743 2572 836 2618 477,
898 2570 973 2607 Cic.
1003 2570 1136 2617 Ligar.
1173 2573 1206 2615 5,
1246 2569 1306 2606 14.
1368 2568 1497 2604 Etiam
1530 2567 1651 2604 Stich.
1687 2567 1766 2604 330

276 2641 446 2677 libenter
478 2641 721 2689 scripserim:
774 2639 896 2685 „Nam
937 2652 996 2675 me
1029 2638 1185 2687 quidem
1219 2638 1355 2674 harum
1389 2633 1686 2680 iniserebatur“,
1719 2648 1767 2670 ne

275 2709 395 2746 verba
428 2713 739 2757 transponerem.
781 2727 828 2732 —
874 2709 966 2744 760.
1013 2706 1206 2751 Vinculis,
1246 2706 1395 2753 inquit,
1435 2703 1624 2740 liberatus
1657 2704 1771 2751 quasi

276 2790 324 2814 ex
356 2778 548 2813 servitute
582 2790 762 2826 egressus
794 2775 989 2813 libertatis
1029 2775 1201 2823 auspicia
1241 2774 1343 2821 cepi3
1390 2785 1492 2809 nunc
1533 2772 1572 2807 in
1612 2771 1770 2807 vincula¹
