1854 3188
177 189 258 229 202
845 184 967 218 Plauti
1383 183 1426 227 V,
1443 186 1472 227 1,
1487 184 1608 226 33-2,
1624 184 1666 217 13

719 308 1126 364 Philopolemus

617 380 805 435 Sequere
837 381 930 433 hac,
960 381 1240 432 Philocrates,
1271 394 1339 422 me
1368 381 1498 424 intro.

753 453 1093 495 Philocrates

1492 523 1669 578 Sequor.

516 718 715 760 SENEX.
779 717 992 760 SERUOS
1025 716 1341 759 FUGITIUOS.

577 805 581 807 “
841 813 1009 866 Hegio

177 886 265 939 Age
297 891 345 927 tu
375 886 478 927 illuc
509 884 708 939 procede³
741 884 852 926 bone
883 885 961 935 uir⁷
992 884 1184 938 lepidum
1214 885 1489 938 mancupium
1517 897 1671 926 meum.

773 955 1081 1009 Stalagmus

179 1028 293 1078 Quid
316 1043 383 1070 me
409 1033 585 1083 oportet·
608 1027 763 1075 facere,
787 1028 861 1069 ubi
886 1035 932 1069 tu
957 1028 1057 1069 talis
1081 1028 1147 1069 uir
1170 1026 1328 1069 falsum
1355 1028 1583 1069 autumas?
1608 1040 1674 1073 950

178 1100 258 1141 Fui
276 1115 353 1154 ego
373 1100 528 1150 bellus,
547 1100 729 1154 lepidus,
754 1100 892 1142 bonus
917 1101 984 1141 uir
999 1113 1235 1154 numquam
1251 1111 1390 1153 neque
1406 1099 1519 1153 frugi
1535 1099 1674 1141 bonae

177 1172 329 1226 Neque
355 1186 426 1213 ero
452 1185 667 1225 umquam.
701 1185 753 1213 ne
782 1205 789 1212 .
810 1205 817 1212 .
838 1204 845 1212 .
874 1185 994 1225 spem
1016 1185 1153 1225 ponas
1179 1185 1246 1213 me
1270 1171 1409 1213 bonae
1432 1170 1544 1223 frugi
1568 1170 1672 1214 fore.

841 1243 1008 1296 Hegio

177 1315 319 1370 Prope
350 1316 525 1357 modum
557 1315 631 1357 ubi
661 1315 746 1357 loci
778 1315 977 1357 fortunae
1008 1320 1109 1357 tuae
1143 1315 1241 1365 sint,
1274 1314 1399 1356 facile
1430 1314 1659 1368 intellegis.

178 1387 241 1441 [Si
273 1389 356 1430 eris
388 1402 533 1439 ueraX‚
565 1392 640 1429 tua
673 1402 723 1428 ex
754 1401 800 1428 re
832 1387 977 1438 facies,
1011 1401 1062 1429 ex
1094 1387 1209 1428 mala
1240 1385 1572 1439 meliusculam]

178 1459 317 1501 Recta
362 1465 403 1501 et
447 1473 552 1501 uera
597 1459 798 1513 loquere3
846 1459 921 1501 sed
966 1473 1105 1513 neque
1152 1472 1255 1500 uere
1295 1462 1338 1500 tec
1377 1472 1515 1511 neque
1554 1464 1674 1501 recte

1132 1530 1273 1572 adhuc
1609 1541 1676 1575 955

178 1603 338 1645 Fecisti
368 1617 585 1656 umquam.

774 1674 1079 1728 Stalagmus

408 1746 532 1797 Quod
564 1761 640 1800 ego
672 1746 823 1797 fatear,
857 1747 1004 1788 credin
1034 1747 1060 1797 †
1090 1746 1264 1800 pudeat,
1297 1759 1430 1800 quom-
1461 1750 1674 1788 autumes.

843 1819 1011 1872 Hegio

181 1891 239 1933 At
270 1906 345 1945 ego
372 1890 539 1942 faciam.
571 1896 618 1932 ut
652 1890 832 1945 pudeat3
864 1904 964 1932 nam
994 1891 1037 1931 in
1067 1890 1269 1932 ruborem
1300 1894 1343 1932 te
1374 1893 1516 1931 totum
1548 1890 1674 1932 dabo.

776 1962 1083 2016 Stalagmus

180 2034 271 2085 Eia,
304 2034 430 2077 credo
465 2049 555 2088 ego⁷
588 2035 775 2089 inperito
808 2034 959 2088 plagas
990 2034 1204 2075 minitaris
1237 2033 1353 2074 mihi.

180 2105 372 2148 Tandem
398 2107 533 2148 istaec
558 2107 702 2159 aufer3
736 2106 804 2148 dic
830 2106 933 2160 quid
957 2105 1056 2157 fers,
1088 2110 1137 2147 ut
1160 2105 1272 2147 feras
1295 2105 1396 2147 hinc
1414 2104 1529 2158 quod
1545 2106 1673 2160 petis.

849 2178 1018 2231 Hegio

182 2249 296 2292 Satis
327 2249 596 2302 facundus‘s3
630 2250 705 2292 sed
736 2251 823 2291 iam
854 2250 946 2291 fieri
979 2250 1096 2292 diota
1129 2249 1341 2304 conpendi
1374 2249 1485 2290 uolo.
1609 2260 1676 2294 960

776 2321 1089 2376 Stalagmus

184 2393 241 2436 Ut
272 2395 350 2446 uis,
381 2392 469 2435 fiat.

843 2466 1010 2519 Hegio

511 2537 627 2578 Bene
658 2538 895 2590 morigerus
926 2538 1009 2578 fuit
1039 2551 1163 2591 puer3
1196 2550 1311 2578 nunc
1342 2550 1428 2577 non
1459 2535 1595 2576 decet.

274 2708 342 2741 952
365 2708 441 2741 sine
467 2708 607 2742 lacuna.
702 2707 767 2739 955
791 2709 833 2740 tu
859 2717 922 2740 om.
1019 2707 1084 2740 957
1109 2717 1294 2740 rumorem
1377 2705 1443 2738 959
1468 2703 1540 2737 ista
1610 2703 1676 2736 960

183 2762 363 2798 facundus
390 2775 426 2797 es
511 2763 618 2797 dictis
636 2762 894 2807 compendium
