1897 3171
744 173 785 207 V.
811 173 999 206 371—389.
1532 174 1610 212 315

134 306 279 354 scripto
318 305 514 341 senarium
552 303 661 351 fecit,
708 302 944 340 Ritschelius
982 315 1074 340 vero
1114 305 1152 339 in
1191 303 1368 352 prolcgg.
1399 300 1614 337 Trinummi

132 388 171 424 p.
211 372 354 410 CXXX
402 385 493 410 casu
538 372 668 420 aliquo
713 371 814 409 hunc
859 384 1015 408 versum
1060 371 1225 422 putabat
1276 384 1321 406 ex
1374 382 1490 406 scena
1536 371 1615 406 tro-

134 442 267 479 chaica
309 441 532 491 irrepsisse,
588 444 625 477 et
663 443 753 490 post
796 453 832 477 v.
874 441 951 477 235
998 439 1239 489 ponendum,
1287 451 1450 486 eumque
1495 437 1619 474 secuti

134 513 225 547 sunt
255 508 437 558 Wagner.
471 512 510 546 et
540 508 757 546 Francken.
818 507 898 545 Nos
939 509 1122 557 quoniam
1163 521 1210 544 ne
1248 506 1316 543 1110
1348 505 1503 555 quidem
1534 505 1617 542 loco

135 577 412 625 desideramus,
445 577 673 626 simpliciter
704 576 946 614 seclusimus.
964 597 1019 601 —
1046 577 1123 613 386
1150 588 1235 624 sqq.
1267 569 1481 621 Apollinis
1506 586 1618 621 opem

134 646 329 695 implorat,
364 648 430 695 qui
461 641 627 695 sayittis
657 645 736 682 suis
768 644 944 694 (utpote
972 641 1153 693 ἑκηβόλος)
1194 642 1399 687 barbaros,
1439 641 1505 690 qui
1536 637 1618 678 the-

135 724 306 752 saurum
350 714 584 764 Delphicum
634 713 806 763 spoliare
853 713 981 749 conati
1027 715 1156 759 erant,
1213 710 1440 749 confixerat.
1521 708 1620 745 Nam

134 783 387 820 vehementer
431 782 579 820 erravit
623 780 735 818 Both.
777 794 813 818 v.
857 782 934 818 388
981 780 1229 818 antecedenti
1273 780 1531 826 anteponens,
1578 779 1622 813 ut

138 848 232 901 (suoi
277 851 326 889 ad
370 847 472 889 mihi
517 849 749 896 referretur,
796 849 989 898 siquidem
1027 850 1252 900 Apollinem
1289 846 1471 884 Euclioni
1509 847 1623 881 antea

136 919 361 957 subvenisse
399 921 667 969 spectatorum
704 930 817 955 nemo
857 931 928 955 nec
966 917 1118 955 audivit
1155 930 1226 954 nec
1264 915 1456 964 suspicari
1491 913 1620 950 audet.

136 988 297 1025 Rectius
327 987 536 1036 Kiessling.
570 984 686 1034 (Mus.
706 985 830 1024 Rhen.
848 986 994 1033 XXIII,
1013 1001 1050 1036 p.
1071 984 1166 1031 214)
1200 999 1236 1023 v.
1260 986 1339 1023 388
1372 980 1515 1030 „Quia“
1551 994 1622 1032 pro

141 1054 288 1104 ,‚Quoi“
324 1056 500 1105 scripsit3
547 1054 616 1093 sed
655 1067 726 1092 nec
763 1055 888 1092 solum
919 1054 1123 1092 Gallorum
1162 1052 1312 1090 cladem
1350 1051 1492 1101 respici
1523 1050 1623 1087 veri-

136 1125 262 1163 simile
278 1128 347 1170 est,
376 1124 482 1174 quod
498 1124 530 1161 si
546 1123 737 1161 voluisset
751 1122 915 1160 Plautus
934 1123 1079 1160 diserte
1097 1122 1274 1159 elocutus
1303 1123 1416 1167 esset,
1449 1133 1518 1156 nec
1541 1116 1625 1156 iam

136 1197 225 1243 post
255 1189 330 1231 tali
351 1195 392 1231 in
417 1191 529 1230 codd.
557 1194 682 1238 extat,
716 1191 785 1228 sed
816 1194 1048 1229 correcturae
1080 1191 1250 1239 antiquae
1284 1186 1345 1236 (ut
1375 1183 1624 1233 submoniti&

138 1262 317 1300 debetur.
362 1261 503 1310 Itaque
526 1260 649 1307 tenui,
676 1260 783 1310 quod
813 1263 904 1297 ante
934 1260 1080 1298 multos
1112 1272 1235 1296 annos
1266 1257 1362 1294 mihi
1393 1269 1526 1294 sensus
1550 1255 1626 1292 loci

139 1331 340 1380 requirere
370 1330 477 1368 visus
508 1332 587 1376 est,
630 1325 678 1367 Si
709 1326 825 1378 (1qu
871 1330 1045 1366 numeris
1087 1330 1217 1365 autem
1256 1323 1351 1376 quoi
1388 1338 1465 1362 non
1502 1324 1626 1374 magis

142 1399 283 1446 obstat,
317 1411 433 1448 quam
463 1394 546 1445 „ei“
573 1411 608 1436 v.
637 1399 728 1435 308.
789 1397 829 1435 Si
861 1398 948 1447 quis
980 1397 1097 1435 aliter
1127 1397 1258 1443 sentit,
1291 1408 1375 1432 cum
1399 1393 1625 1440 Ritschelio,

139 1468 244 1506 Prol.
263 1467 370 1505 Trin.
388 1480 425 1516 p.
445 1465 623 1504 CLXXII
645 1464 734 1513 „tu“
757 1466 888 1504 addat.
906 1486 962 1491 —-
989 1467 1081 1504 389.
1116 1461 1200 1503 Sed
1231 1474 1344 1502 cesso
1363 1493 1370 1501 .
1391 1493 1399 1500 .
1421 1493 1427 1500 .
1453 1472 1625 1508 currere,

140 1536 186 1574 cf.
218 1536 318 1573 infra
351 1536 442 1573 619.
516 1534 759 1584 Improbatio
805 1537 886 1572 sive
932 1535 1152 1582 obiurgatio
1197 1546 1316 1571 morae
1360 1532 1627 1569 hortationem

140 1603 379 1654 properandi
424 1603 554 1641 habet.
635 1603 763 1651 Vulgo
812 1603 981 1640 editores
1029 1602 1223 1640 eiusmodi
1260 1600 1467 1639 sententiis
1506 1600 1626 1636 inter-

139 1673 306 1721 rogandi
337 1673 491 1722 signum
522 1671 684 1718 addunt,
719 1685 763 1708 ac
795 1685 886 1708 sane
917 1671 1021 1710 Men.
1058 1673 1135 1709 539
1169 1674 1245 1708 est:
1299 1668 1397 1716 „Sed
1430 1667 1524 1717 quid
1557 1680 1627 1716 ego

141 1754 246 1778 cesso
278 1771 286 1778 .
314 1771 321 1778 .
350 1771 358 1779 .
393 1738 552 1778 abire‘?“
597 1740 642 1778 cf.
684 1740 737 1778 ib.
772 1740 864 1777 864.
917 1740 1027 1778 Asin.
1064 1740 1155 1777 124.
1210 1738 1317 1775 Pers
1351 1737 1451 1774 741:
1502 1735 1629 1783 „Quid

141 1823 211 1859 ego
244 1823 351 1847 cesso
382 1806 686 1846 1a1nentarie1·?“
738 1809 845 1846 Trin.
876 1809 1000 1846 1135:
1040 1807 1165 1855 „Quid
1194 1818 1265 1854 ego
1299 1819 1407 1843 cesso
1440 1805 1508 1841 hos
1542 1817 1628 1841 con-

138 1875 302 1928 loqui‘?“
365 1877 466 1916 Rud.
500 1878 600 1915 454:
655 1877 754 1925 „Sed
795 1877 890 1926 quid
929 1889 1000 1925 ego
1038 1889 1143 1913 cesso
1182 1871 1373 1924 sugere?“
1423 1886 1548 1922 neque
1589 1874 1629 1908 in

137 1948 337 1997 plerisque
363 1947 458 1983 locis
483 1959 560 1996 quo
592 1947 720 1983 minus
752 1947 893 1983 omissa
925 1943 1197 1992 interrogandi
1227 1943 1423 1993 particula
1454 1945 1629 1992 putetur,

139 2015 353 2066 quidquam
383 2014 536 2061 obstat,
575 2017 620 2052 ut
649 2014 732 2052 Mil.
768 2016 867 2052 892:
921 2014 1061 2061 „Cesso
1100 2026 1171 2062 ego
1212 2012 1290 2049 illis
1329 2011 1486 2048 obuiam
1517 2007 1625 2047 ire‘?“

137 2084 258 2122 Merc.
281 2085 381 2121 129:
418 2085 485 2130 „at
512 2083 630 2120 etiam
658 2096 765 2120 cesso
797 2082 946 2119 foribus
978 2083 1105 2119 facere
1130 2081 1235 2118 hisce
1262 2080 1411 2117 assulas
1423 2076 1465 2115 '?“
1502 2078 1629 2115 Oasin.

139 2154 239 2190 217:
276 2151 416 2200 „Cesso
434 2154 551 2201 caput
574 2151 695 2201 pallio
721 2148 980 2200 detergere‘?“
1019 2150 1119 2188 684:
1158 2149 1313 2197 „Attatt
1349 2160 1456 2185 cesso
1482 2148 1629 2196 magni-

138 2219 208 2257 fice
245 2221 302 2257 ire
341 2216 607 2258 aduorsum‘?“
670 2220 777 2257 Pers.
822 2220 920 2257 198:
972 2219 1115 2266 „Cesso
1154 2219 1212 2255 ire
1259 2230 1349 2267 eg0,
1398 2229 1475 2266 quo
1515 2216 1632 2253 missa

138 2287 275 2326 sum‘?“
342 2290 442 2326 235:
494 2288 595 2335 „Sed
634 2300 706 2336 ego
746 2285 911 2325 cesso‘?⁴‘
976 2287 1076 2324 Rud.
1118 2288 1217 2324 676:
1272 2285 1411 2332 „Cesso
1453 2296 1524 2332 ego
1563 2284 1631 2320 has

138 2355 384 2396 consolari‘?“
463 2357 576 2394 Truc.
621 2358 719 2394 620:
779 2356 879 2404 „Sed
918 2368 990 2404 ego
1031 2368 1135 2393 cesso
1174 2355 1265 2391 hinc
1314 2367 1373 2389 me
1420 2350 1628 2389 alnoli1·i‘?“

138 2426 250 2476 Capt.
285 2427 379 2464 821.
426 2425 514 2463 Ter.
546 2424 646 2463 Eun.
681 2426 773 2462 265.
822 2425 965 2462 Heaut.
999 2424 1093 2461 410.
1140 2423 1364 2472 Verg.AEn.
1402 2421 1462 2467 VI,
1498 2421 1544 2456 51
1574 2433 1630 2469 sq.

137 2494 214 2532 Sed
244 2494 361 2531 iidem
392 2494 468 2531 1001
500 2494 617 2531 etiam
644 2495 728 2530 sine
755 2494 1068 2541 interrogatione
1092 2491 1264 2539 intelligi
1288 2492 1468 2540 possunt.
1515 2487 1630 2536 Epid.

140 2564 218 2601 338
256 2562 356 2610 „Sed
381 2573 453 2610 ego
478 2562 570 2600 hinc
594 2562 763 2611 migrare
788 2560 920 2599 cesso“
955 2565 1125 2610 utroque
1150 2559 1266 2597 modo
1292 2557 1459 2605 intelligi
1484 2558 1630 2605 potest,

137 2630 205 2668 sed
236 2644 273 2668 v.
308 2632 387 2668 340
425 2631 548 2678 „Mihi
580 2643 686 2668 cesso
719 2643 835 2679 quom
867 2628 951 2667 st0“
986 2628 1341 2676 interrogationem
1372 2625 1544 2673 respuit3
1582 2624 1629 2660 cf·

139 2699 280 2737 Pseud.
315 2699 415 2737 241:
453 2712 548 2749 „ego
580 2699 675 2736 mihi
706 2697 854 2736 cesso“.
909 2698 990 2736 Nec
1020 2698 1301 2744 interrogatur,
1334 2693 1403 2731 sed
1435 2693 1634 2730 declarata

140 2781 180 2804 re
227 2767 463 2816 obiurgatur
509 2771 547 2805 et
599 2770 781 2805 monetur
835 2768 875 2803 in
928 2765 1119 2803 eiusmodi
1172 2764 1286 2809 locis,
1345 2761 1486 2798 Pseud.
1531 2761 1629 2798 642:
