1897 3171
263 175 344 213 466
930 170 1081 214 Captiui.
1114 157 1116 159 Ι

261 313 296 336 V.
330 299 434 336 infra
464 299 565 345 470;
598 299 684 335 Ter.
717 298 816 336 Eun.
851 299 952 335 244:
990 310 1085 346 „ego
1117 298 1256 335 infelix
1286 310 1412 346 neque
1444 296 1631 333 ridiculus
1663 309 1746 332 esse

255 380 389 417 ,neque
419 367 559 417 plagas
596 367 678 416 pati
716 364 915 415 possum“.
998 366 1115 415 Apud
1146 366 1287 403 Athen.
1319 365 1391 412 VI,
1435 366 1513 402 238
1547 378 1566 402 c
1596 364 1747 401 Aristo-

260 436 421 485 phontis
462 437 661 485 parasitus
706 437 763 481 „si
795 433 977 484 oportet“
1021 435 1148 484 inquit
1189 434 1401 482 „ot‘vnqus'vcw
1431 434 1589 483 πληγὰς,
1628 433 1747 481 ἄκμων

260 502 392 550 sum“;
424 503 606 552 Diphilus
639 506 768 540 autem
800 502 894 540 ibid.
927 503 990 549 VI,
1025 504 1103 539 262
1138 516 1159 539 a
1189 516 1287 550 non,
1325 505 1371 539 ut
1400 502 1538 551 vulgo,
1580 502 1748 551 ψωμοκό-

261 574 367 609 λακον
397 572 467 609 sed
496 574 765 621 ψωμοκόλαφον
797 572 910 608 dixit.
965 571 1141 620 Alciphr.
1174 570 1244 608 ΠΙ.
1279 572 1320 607 6:
1354 571 1433 607 οὔτε
1463 572 1506 606 τὰ
1537 573 1749 619 ραπίσματα

260 636 333 682 οἷός
362 640 390 676 τ’
423 640 494 689 εἶμί.
525 642 642 689 φέρειν
673 640 732 676 καὶ
761 641 821 685 τῂν
860 639 967 685 ἄλλην
1005 641 1195 687 παροινίαν
1237 642 1310 676 etc.
1370 639 1748 689 Peloponnesiorum

258 710 383 758 magis
416 722 530 758 quam
561 709 862 746 Atheniensium
893 708 1012 744 talem
1039 708 1236 744 feritatem
1262 721 1346 744 esse
1370 707 1473 744 idem
1499 708 1554 743 ait
1577 707 1647 753 III,
1684 707 1749 744 51.

258 776 367 813 Nihil
398 781 526 814 autem
558 777 804 826 frequentius
843 790 958 825 quam
999 780 1043 812 ut
1080 776 1255 824 parasito
1292 777 1433 825 pocula
1471 777 1511 812 in
1541 788 1584 812 os
1615 776 1748 812 iniice-

258 848 406 891 rentur,
434 859 471 882 v.
489 845 663 895 Alciphr.
682 845 751 891 III,
777 846 850 881 45:
885 844 1000 880 ἀκούω
1023 845 1094 893 γὰρ
1117 845 1177 880 τὸν
1200 845 1441 894 καταπύγωνα
1465 844 1523 880 καὶ
1548 843 1748 891 θηλυδρίαν

259 914 507 962 περικατεάξαι
547 928 612 950 σου
650 914 709 959 τὴν
747 914 876 960 φιάλην
915 913 959 954 ὡς
996 913 1038 948 τὰ
1078 914 1298 961 θραύσματα
1329 913 1571 961 λωβήσασθαιῖ
1603 927 1660 948 σοι
1689 912 1748 957 τὴν

258 985 337 1031 ρῖνα
368 982 427 1017 καὶ
457 983 517 1027 τὴν
547 982 663 1023 δεξιὰν
695 982 859 1031 σιαγόνα.
927 981 1066 1030 Itaque
1097 981 1168 1018 hoc
1199 982 1283 1018 loco
1314 981 1542 1031 patiendum
1575 994 1657 1017 esse
1690 980 1746 1016 di-

258 1051 359 1087 citur
388 1048 533 1100 frcmyz'
564 1047 684 1087 aulas
714 1047 758 1087 in
788 1049 927 1098 capu&
966 1049 1074 1086 Pers,
1109 1048 1181 1086 61:
1226 1050 1297 1096 „iis
1329 1052 1629 1098 cognomentum
1662 1052 1750 1084 erat

258 1118 367 1156 duris
400 1116 691 1168 capitonibus“.
753 1117 810 1154 Cf.
844 1117 955 1155 Curc.
992 1118 1084 1155 396.
1129 1112 1288 1166 'Amplr
1325 1119 1444 1155 1030.
1477 1137 1533 1142 ——
1565 1118 1629 1154 89.
1669 1116 1746 1153 Pro

257 1191 443 1237 corrupto
487 1185 645 1236 „potes“
690 1187 784 1223 olim
827 1183 1006 1235 „potest“
1048 1187 1260 1235 scriptum3
1309 1186 1553 1224 Camerarius
1594 1185 1746 1222 demum

248 1253 364 1303 potis*
394 1256 540 1292 omisso
572 1255 691 1292 verbo
723 1254 980 1291 substantive.
1016 1274 1063 1278 —
1106 1255 1171 1292 90.
1213 1254 1270 1291 De
1308 1256 1436 1304 primo
1467 1267 1604 1291 versus
1634 1253 1745 1303 pede,

264 1319 339 1362 Uel
368 1321 430 1362 ire
460 1334 521 1371 ex,
555 1337 590 1361 v.
623 1323 779 1370 Proleg.
812 1336 850 1372 p.
888 1323 979 1359 181.
1027 1322 1087 1360 Fl.
1121 1322 1245 1372 Gepp.
1278 1323 1342 1360 ΒΓ.
1381 1322 1477 1362 ..Uel
1509 1326 1613 1359 extre
1652 1353 1659 1358 .
1679 1352 1687 1359 .
1708 1352 1715 1359 .
1737 1351 1744 1358 .

255 1391 403 1435 ilicet“‚
433 1393 536 1430 iusto
567 1393 764 1429 licentius.
813 1390 927 1428 extra
949 1390 1118 1438 portam
1149 1394 1189 1427 et
1214 1394 1306 1428 cett.
1333 1391 1445 1429 codd.
1474 1394 1513 1427 et
1535 1391 1566 1428 B
1592 1406 1666 1428 sec.
1694 1404 1744 1428 m.

258 1456 389 1498 Porta
421 1458 639 1510 triyemina
669 1461 774 1497 inter
805 1459 1047 1496 Aventinum
1078 1462 1252 1496 montem
1285 1462 1323 1497 et
1345 1459 1520 1496 Tiberim
1547 1459 1624 1496 sita
1649 1461 1745 1504 erat,

255 1542 291 1566 v.
324 1528 488 1575 Becker,
520 1528 674 1566 Handb.
701 1528 737 1566 d.
762 1533 860 1565 rom.
886 1527 1057 1564 Alterth.
1082 1527 1112 1574 I,
1144 1541 1182 1577 p.
1205 1529 1295 1565 157.
1357 1527 1509 1565 Salinas
1539 1528 1595 1564 ibi
1626 1527 1746 1564 fuisse

256 1598 453 1644 novimus3
500 1592 653 1635 Saccus
690 1597 785 1646 quid
816 1598 885 1641 sit,
928 1597 1145 1644 ignoratur.
1221 1596 1438 1644 Longolius
1468 1597 1596 1633 locum
1628 1596 1746 1632 fuisse

255 1665 440 1715 putabat,
479 1666 547 1702 ubi
585 1678 776 1714 pauperes
817 1665 960 1714 stipem
992 1664 1258 1702 mendicantes
1290 1665 1491 1711 sederent3
1537 1664 1606 1702 sed
1635 1665 1745 1701 testi-

255 1735 388 1771 monia
426 1733 587 1780 desunt,
620 1747 711 1770 nam
742 1733 849 1771 Trin.
883 1734 963 1770 423
996 1733 1071 1769 huc
1103 1746 1179 1770 non
1210 1733 1396 1783 pertinet.
1459 1732 1533 1778 Qui
1563 1746 1659 1770 vero
1692 1729 1748 1770 ad

256 1812 419 1840 saccum
448 1800 510 1839 ire
545 1816 701 1852 „peram
741 1801 1006 1838 mendicorum
1047 1800 1208 1851 capere⁴⁶
1253 1805 1459 1848 enarrant,
1505 1802 1571 1838 vix
1608 1814 1744 1838 verum

255 1870 451 1907 viderunt.
499 1870 679 1908 Parasito
711 1873 742 1907 si
769 1883 907 1920 parum
934 1870 1110 1907 succedit
1133 1883 1194 1907 ars
1221 1871 1442 1920 parasitica,
1477 1869 1554 1907 duo
1579 1873 1742 1916 restant,

256 1943 324 1976 aut
353 1943 398 1976 ut
428 1942 594 1976 mortem
625 1939 699 1975 sibi
732 1939 967 1985 consciscat,
1001 1942 1045 1975 ut
1075 1939 1143 1975 ille
1173 1938 1348 1987 Alciphr.
1380 1938 1456 1984 III,
1500 1939 1563 1985 51,
1607 1940 1674 1975 aut
1703 1940 1748 1974 ut

254 2007 429 2044 laborem
470 2011 508 2044 et
547 2020 645 2056 opus
683 2007 905 2044 faciendum
943 2008 1152 2057 suscipiat,
1198 2010 1243 2044 ut
1273 2006 1449 2055 Alciphr.
1482 2006 1557 2053 III,
1600 2008 1642 2043 7:
1691 2006 1745 2042 ἐπ’

255 2077 429 2125 ἐργασίαν
458 2077 634 2124 τρέψομαι
675 2076 733 2111 καὶ
762 2078 927 2123 Πειραιοῖ
956 2075 1146 2123 βαδιοῦμαι
1176 2076 1220 2111 τὰ
1249 2079 1285 2111 ἐκ
1314 2076 1383 2111 τῶν
1412 2076 1499 2110 νεῶν
1529 2077 1657 2123 φορτία
1688 2075 1749 2110 ἐπὶ

254 2144 331 2185 τὰς’
347 2144 539 2188 ἀποθήκας
568 2146 711 2191 μισθοῦ
739 2146 951 2191 μετατιθείς.
1020 2144 1092 2180 Hic
1131 2156 1286 2193 quoque
1324 2143 1499 2181 laborem
1532 2138 1747 2191 significari

255 2212 441 2249 arbitror.
515 2211 640 2248 Extra
668 2217 825 2262 portam
856 2213 1123 2260 trigeminam,
1163 2212 1230 2249 ubi
1259 2212 1392 2249 Romae
1424 2215 1562 2262 portus
1595 2214 1679 2248 erat
1709 2214 1748 2248 et

255 2293 402 2318 merces
434 2279 602 2317 navibus
635 2280 806 2317 advectae
840 2280 1153 2329 exponebantur,
1187 2281 1371 2330 frequens
1401 2280 1621 2317 baiulorum
1653 2292 1746 2317 usus

256 2352 354 2386 erat.
387 2368 442 2373 —-
474 2349 539 2386 92.
574 2344 689 2386 Nam
720 2348 867 2395 delevi3
900 2353 1028 2386 ortum
1059 2349 1217 2386 videtur
1248 2363 1295 2386 ex
1326 2349 1440 2386 initio
1471 2362 1506 2386 V.
1541 2348 1606 2385 94.
1652 2347 1745 2385 Edi-

254 2421 362 2455 tores
393 2417 466 2454 hoc
496 2420 651 2454 retento
682 2430 759 2454 vss.
788 2418 951 2454 93—97
978 2402 1058 2466 pro*
1080 2418 1310 2468 parenthesi
1343 2419 1515 2466 capiunt,
1548 2419 1746 2454 structura

257 2485 465 2523 durissima
488 2486 726 2534 minimeque
749 2485 953 2531 Plautina3
985 2485 1142 2522 Brixius
1166 2499 1228 2523 vv.
1248 2487 1411 2524 93—94
1440 2485 1597 2530 delevit,
1630 2485 1745 2534 quasi

256 2567 303 2590 ex
340 2554 525 2603 prologo,
571 2567 651 2591 non
691 2555 758 2603 qui
783 2566 899 2601 ‚nunc
940 2557 1068 2599 extat,
1116 2554 1184 2591 sed
1222 2567 1312 2592 vere
1342 2554 1525 2591 Plautino
1557 2553 1744 2600 adscitos;

256 2622 352 2659 mihi
383 2621 633 2659 verisimilius
664 2621 840 2668 videtur,
887 2621 1069 2659 Plautum
1108 2623 1258 2660 nullum
1287 2623 1495 2672 prologum
1526 2622 1741 2671 scripsisse,

256 2690 325 2727 sed
350 2689 574 2738 Ergasilum
613 2703 675 2736 ea,
717 2702 804 2739 quae
835 2690 1121 2738 spectatoribus
1152 2690 1351 2728 narranda
1381 2703 1464 2727 esse
1494 2689 1742 2736 videbantur,

256 2757 318 2794 hic
349 2758 585 2807 exposuisse.
618 2778 674 2783 —
702 2768 787 2805 rex,
821 2771 855 2795 v.
889 2758 937 2795 ad
968 2758 1076 2795 Asin.
1111 2760 1203 2795 910.
1274 2758 1335 2796 est
1355 2755 1518 2806 potitus
1548 2754 1742 2806 hostium,
