1897 3171
735 221 778 256 V.
805 223 1037 257 1183—1199.
1545 225 1624 265 451

140 345 311 391 mentem
351 350 464 390 tibi“.
506 372 560 377 ——
605 352 698 389 Haec
735 351 859 389 verba
898 351 985 389 edd.
1018 352 1110 389 inde
1151 365 1172 389 a
1211 366 1272 403 pr.
1313 352 1530 390 Philoxeno
1568 352 1631 389 de-

141 422 302 467 derunt;
335 420 517 470 equidem
550 420 660 458 codd.
693 432 847 469 sequor.
893 419 1025 456 Etiam
1057 419 1234 469 Seyffert.
1268 419 1379 458 Stud.
1412 433 1450 469 p.
1487 421 1508 457 2
1534 420 1630 457 Bac-

142 489 247 526 chidi
278 488 408 526 danda
439 492 588 535 censet3
621 485 765 526 amabo
790 488 892 524 enim
916 501 1062 524 marem
1086 489 1184 525 mari
1209 488 1338 526 dicere
1363 500 1478 537 posse
1500 490 1630 535 negat,

142 557 245 606 quod
277 570 394 607 quum
428 569 566 606 magna
596 556 773 594 locorum
813 556 1068 593 multitudine
1106 556 1268 606 probet,
1317 560 1447 593 tamen
1487 567 1630 605 repug-

140 628 258 662 nante
289 638 365 662 uno
406 625 544 662 saltem
576 624 830 661 Mostellariae
861 625 947 661 loco
981 622 1096 671 (878)
1139 623 1335 661 affirmare
1374 636 1452 661 non
1491 623 1630 661 audeo.

140 713 195 744 7—
214 694 332 731 1196.
365 688 458 731 Iam
481 706 596 730 sensu
620 696 746 740 caret;
777 691 954 739 F1.de1.;
985 691 1127 729 Weis.:
1165 689 1376 739 „Tamen“,
1411 692 1516 742 quod
1547 705 1632 729 sen-

139 762 265 799 tentia
302 761 500 811 postulat,
548 761 613 798 sed
648 757 749 798 Tam
781 761 1030 798 scribendum
1061 760 1222 797 videtur
1253 761 1390 798 eadem
1421 761 1478 806 vi,
1526 759 1633 809 quod

141 831 258 867 etiam
291 828 470 877 Seyffert.
505 829 761 876 commendat,
795 828 904 866 Stud.
930 843 968 879 p.
997 830 1068 875 143
1103 829 1148 866 cf.
1181 828 1286 866 Fest.
1318 841 1356 878 p.
1392 829 1492 866 360:
1530 828 1634 876 „An-

141 899 244 949 tiqui
286 902 367 936 tam
406 899 523 935 etiam
562 910 635 946 pro
674 901 809 934 tamen
849 899 909 934 usi
950 901 1042 934 sunt
1083 895 1179 935 etc.“
1257 897 1368 934 Hanc
1406 896 1569 933 formam
1600 896 1635 933 A

141 968 313 1004 servavit
344 966 464 1004 Stich.
498 966 571 1002 48:
625 968 681 1012 „si
723 965 783 1002 1111
823 965 980 1016 inprobi
1013 966 1092 1002 sint
1131 968 1251 1014 atque
1290 965 1404 1002 aliter
1445 962 1522 1011 [In]
1564 977 1634 1001 nos

141 1035 441 1084 faciantquam
482 1037 707 1083 aequomst,
753 1037 834 1070 tam
871 1034 940 1083 pol
979 1034 1109 1082 Magis
1154 1047 1226 1071 nos
1272 1033 1454 1071 omnibus
1493 1033 1635 1069 obnixe

141 1102 281 1152 opibus
323 1102 511 1140 Nost-rum
548 1102 719 1139 officium
758 1103 981 1139 meminisse
1021 1099 1181 1149 decet“,
1237 1115 1280 1138 ac
1318 1102 1536 1138 verisimile
1575 1105 1636 1138 est

141 1171 228 1207 aliis
258 1170 354 1208 locis
386 1170 670 1208 restituendam
704 1183 799 1208 esse.
843 1190 891 1195 --
939 1170 1221 1220 Epicureorum
1263 1174 1393 1207 autem
1427 1171 1633 1216 sententia,

142 1252 258 1287 quam
303 1238 467 1276 Bacchis
513 1238 708 1276 Nicobulo
754 1241 795 1276 in
840 1243 1009 1276 mentem
1056 1241 1237 1285 revocat,
1284 1239 1380 1275 satis
1426 1241 1521 1275 nota
1565 1241 1635 1274 est.

140 1306 277 1344 Lamb.
312 1303 426 1344 affert
464 1306 622 1344 Lucret.
655 1307 735 1354 III,
770 1308 849 1345 912
890 1321 947 1357 sq.
985 1306 1139 1354 „brevis
1178 1309 1236 1343 est
1273 1306 1336 1343 hic
1374 1306 1526 1342 fructus
1565 1305 1633 1342 ho-

140 1375 281 1413 mullis.
355 1375 438 1412 Iam
468 1375 609 1422 fuerit,
656 1389 783 1425 neque
822 1380 913 1426 post
949 1388 1124 1425 unquam
1156 1387 1340 1412 revocare
1371 1370 1545 1411 licebiffl.
1578 1393 1634 1398 —

144 1444 417 1481 1197—1201
453 1444 670 1493 septenarii
702 1458 825 1494 anap.
847 1464 903 1468 —
944 1440 1136 1481 [merseris
1168 1442 1301 1489 codd.;
1348 1442 1463 1479 Both.
1496 1441 1542 1479 R.
1573 1441 1634 1479 Fl.

146 1508 346 1559 „amissis“
381 1515 425 1548 ut
461 1513 582 1549 1189.
613 1532 669 1537 —
699 1510 742 1550 'in
774 1513 923 1559 morte,
957 1514 982 1549 i.
1017 1525 1048 1549 e.
1082 1525 1202 1561 quum
1235 1514 1413 1548 mortuus
1445 1511 1533 1556 eris,
1566 1523 1636 1546 nec

143 1581 245 1617 enim
275 1582 445 1616 mortem
475 1581 642 1617 vicinam
675 1593 758 1617 esse
789 1593 932 1629 negare
967 1579 1104 1626 audet,
1139 1580 1184 1617 cf.
1219 1578 1329 1629 Capt.
1363 1580 1458 1616 735.
1518 1577 1634 1615 Lucr.

141 1648 218 1695 III,
254 1649 352 1686 880:
405 1661 571 1698 „corpus
615 1650 674 1685 uti
722 1649 899 1686 volucres
946 1649 1122 1684 lacerent
1166 1648 1205 1684 111
1252 1650 1375 1683 morte
1421 1644 1633 1695 feraeque“.

142 1716 256 1766 Verg.
296 1716 388 1753 AEn.
429 1716 500 1763 VI,
552 1718 650 1753 371:
710 1716 897 1763 „Sedibus
943 1720 987 1753 ut
1032 1716 1168 1752 saltem
1214 1715 1380 1764 placidis
1426 1716 1465 1751 111
1511 1717 1637 1750 morte

143 1781 382 1834 quiescam“.
452 1784 584 1822 Senec.
617 1784 690 1834 Ep.
726 1786 788 1831 30,
825 1786 868 1822 9:
921 1786 976 1830 „si
1009 1786 1095 1834 quis
1128 1785 1338 1820 revixisset
1369 1787 1408 1819 et
1438 1785 1479 1820 in
1511 1786 1636 1819 morte

141 1853 240 1890 nihil
271 1853 364 1890 mali
397 1866 479 1889 esse
511 1856 693 1889 narraret
724 1858 951 1902 expertus‘.
1012 1852 1100 1889 Non
1141 1865 1238 1901 opus
1279 1853 1420 1901 igitur,
1467 1853 1512 1887 ut
1549 1863 1636 1887 cum

141 1920 188 1958 R.
221 1922 478 1970 corrigemus:
515 1921 580 1969 „id
611 1925 703 1971 post
734 1920 943 1958 mortem“.
982 1941 1027 1945 -
1067 1921 1184 1958 1198.
1219 1916 1293 1957 Sed
1322 1932 1394 1968 pro
1428 1919 1467 1956 et
1496 1919 1636 1968 scripsi

143 2002 260 2026 sensu
299 1988 470 2027 iubente.
546 1989 640 2026 Post
668 1989 812 2026 rmel‘uo
854 1993 981 2026 autem
1025 2001 1172 2025 comma
1208 1989 1338 2037 posui,
1383 1988 1471 2036 quia
1513 1988 1636 2024 conti-

142 2061 288 2095 nuatur
318 2058 446 2095 oratio
477 2058 655 2106 proximo
685 2070 812 2103 versu,
846 2061 891 2094 ut
925 2058 1029 2094 1154
1063 2070 1119 2106 sq.
1188 2056 1344 2102 Metuit,
1384 2069 1431 2092 ne
1462 2054 1566 2092 filius
1598 2058 1637 2091 et

142 2139 297 2172 servus,
344 2127 376 2162 si
406 2127 491 2175 ipse
529 2125 695 2162 similem
727 2127 945 2175 nequitiam
978 2125 1235 2171 commiserit,
1284 2138 1324 2161 se
1355 2124 1395 2160 111
1426 2137 1496 2160 sua-
1525 2126 1636 2172 pote-

143 2197 244 2231 state
283 2194 777 2242 habeant‘imperiumque
815 2195 991 2242 patrium
1031 2194 1198 2230 amittat.
1238 2212 1295 2216 —
1339 2193 1458 2229 1199.
1500 2187 1638 2228 Istaec

142 2261 252 2312 fiunt
289 2261 424 2308 codd.;
471 2261 607 2299 Lamb.
653 2265 829 2298 enarrat:
881 2261 1016 2308 „Istaec
1058 2265 1149 2298 sunt
1188 2262 1354 2307 usitata,
1401 2260 1507 2296 istaec
1547 2262 1638 2295 sunt

143 2330 332 2376 humana,
374 2333 419 2366 ut
457 2329 684 2367 Terentius:
732 2329 860 2378 Uolgo
897 2330 1046 2367 faciunt
1089 2327 1249 2376 (Heaut.
1283 2325 1423 2375 957)“.
1493 2326 1637 2363 Verum

143 2397 306 2435 Bacchis
337 2398 369 2434 si
401 2396 472 2434 hoc
505 2397 682 2442 dixisset,
715 2398 896 2434 timorem
924 2397 1118 2444 Nicobuli,
1153 2410 1266 2446 quem
1298 2396 1437 2432 tollere
1462 2397 1636 2440 conatur,

145 2465 425 2503 confirmasset.
472 2465 596 2502 Immo
629 2470 715 2502 orat
745 2470 912 2516 patrem,
943 2470 988 2502 ut
1017 2466 1100 2503 filio
1128 2467 1368 2514 ignoscatur,
1402 2475 1472 2499 nec
1499 2474 1636 2498 veren-

146 2534 235 2571 dum
268 2546 351 2570 esse
383 2534 449 2580 ait,
482 2546 530 2570 ne
561 2535 768 2583 imperium
799 2535 839 2571 in
872 2547 959 2570 eum
991 2535 1169 2579 amittat3
1210 2544 1299 2568 nam
1330 2529 1454 2567 filium
1485 2541 1638 2577 semper

143 2603 184 2639 111
216 2603 296 2639 eius
327 2604 526 2652 potestate
557 2601 745 2648 futurum,
777 2616 849 2639 nec
873 2601 979 2651 quod
1012 2602 1098 2638 aliis
1131 2600 1197 2636 det
1227 2598 1466 2643 habiturum,
1499 2597 1573 2633 nisi
1605 2597 1636 2632 si

145 2670 240 2720 quid
270 2669 317 2707 ab
350 2671 436 2719 ipso
467 2673 581 2720 patre
613 2674 751 2708 suma-t.
812 2670 952 2720 Itaque
983 2668 1202 2706 necessario
1240 2664 1347 2715 siccut
1385 2663 1635 2702 scribendum

146 2743 223 2785 est,
269 2738 315 2775 cf.
355 2737 466 2775 Curc.
511 2739 603 2776 671.
687 2738 885 2776 Orationis
936 2740 1076 2774 vitium
1122 2735 1245 2771 sensit
1291 2735 1410 2770 etiam
1457 2731 1632 2781 Seyffert.

145 2805 254 2843 Stud.
285 2818 324 2855 p.
360 2807 430 2852 14,
471 2806 539 2843 sed
569 2806 724 2856 longius
756 2806 947 2842 abscessit
979 2803 1170 2841 scribens:
1216 2801 1366 2848 „Istaec
1395 2798 1548 2837 mitte“.
1580 2818 1636 2823 —

1300 2875 1363 2908 29*
