1897 3171
237 173 317 211 290
880 167 1079 201 Aulularia.

235 302 358 335 ratur.
411 298 467 334 Ac
494 297 672 346 profecto
704 300 772 334 aut
802 296 883 334 haec
913 296 1035 333 verba
1063 296 1146 342 „Ita
1177 296 1216 332 di
1246 294 1394 333 faxint“
1429 294 1726 345 transponenda

238 368 340 413 sunt,
376 369 445 402 aut
473 378 546 415 pro
579 365 722 414 spuriis
754 364 958 411 eiicienda,
1000 367 1043 401 ut
1074 364 1201 401 voluit
1231 364 1461 410 Francken„
1501 377 1590 400 nam
1622 361 1726 411 quod

235 433 454 483 Wagnerus
484 433 589 480 fecit,
623 436 669 470 ut
699 436 824 470 totam
851 433 1073 470 orationem
1098 430 1300 469 Eunomiae
1329 433 1581 469 continuaret
1613 431 1726 478 eique

236 502 504 552 parenthetice
544 502 817 551 interponeret
861 503 1039 550 optatum
1079 500 1127 537 de
1165 500 1319 547 liberis,
1366 500 1482 537 nimis
1520 499 1728 536 obscurum

237 574 311 607 est.
338 589 386 596 —
419 570 510 607 144.
548 564 700 616 Occidi,
732 570 758 606 i.
785 581 817 606 e.
850 570 963 617 perii,
995 582 1031 605 v.
1055 567 1166 617 Capt.
1188 570 1280 606 610.
1326 567 1466 605 Pseud.
1496 567 1559 605 39.
1606 566 1725 602 Weis.

235 638 342 675 Brix.
361 637 500 687 Wagn.
523 635 718 684 „occidis“
740 637 996 686 scripserunt,
1015 637 1062 674 cf.
1080 637 1183 673 infra
1201 638 1295 674 712.
1329 637 1433 674 Men.
1453 637 1548 674 906.
1579 633 1724 672 Pseud.

238 707 331 744 936.
392 706 482 743 Ter.
523 706 679 743 Phorm.
714 706 807 743 672.
861 704 948 742 Non
987 717 1097 755 opus.
1137 725 1193 730 —-
1233 704 1324 743 145.
1372 705 1466 742 Tam
1505 703 1605 741 dura
1647 703 1729 739 eius

238 774 343 812 dicta
379 788 463 812 esse
504 774 617 821 dicit,
664 777 709 811 ut
746 770 910 822 lapides
949 773 1158 810 videantur
1202 773 1458 823 lapidumque
1496 774 1729 810 iactatorum

238 842 356 880 modo
387 839 593 880 cerebrum
623 855 735 879 suum
766 855 814 878 ex
839 842 967 891 capite
991 838 1212 888 excutiant,
1246 842 1293 879 cf.
1319 841 1430 891 Capt.
1461 841 1552 879 596.
1599 838 1728 876 Casin.

240 912 338 948 616:
390 911 488 958 „tibi
535 911 735 948 cerebrum
781 906 1102 959 dispercutiam“.
1147 928 1203 934 —
1248 910 1338 947 146.
1385 910 1570 946 Trimetri
1615 908 1729 945 huius

238 980 467 1028 anapaestici
505 979 632 1016 altera
672 977 833 1027 dipodia
881 975 965 1025 („te
1002 978 1112 1015 iubet
1150 991 1272 1016 soror.
1305 977 1369 1016 Si“
1404 998 1499 1009 -υ
1519 994 1549 1005 v
1571 994 1600 1004 ν
1622 994 1651 1004 v
1672 974 1731 1021 -)

238 1048 398 1084 minime
429 1050 543 1095 grata
574 1050 645 1083 est.
707 1045 870 1083 Concisa
901 1046 1092 1084 eiusmodi
1130 1050 1259 1083 metra
1298 1048 1536 1096 anapaestica
1567 1045 1731 1083 Sisenna

238 1114 344 1165 apud
373 1114 558 1152 Rufinum
594 1116 627 1161 1,
662 1116 712 1152 23
746 1114 891 1151 dixisse
922 1114 1088 1161 videtur,
1121 1128 1360 1164 quamquam
1390 1115 1505 1152 aliter
1535 1114 1732 1151 intellexit

239 1182 403 1229 Christ„
436 1183 584 1220 Metrik
613 1196 651 1232 p.
683 1184 774 1221 108.
805 1202 862 1207 —
903 1183 1000 1231 147,
1046 1184 1079 1220 si
1108 1186 1202 1233 post
1233 1183 1346 1221 tuam
1376 1184 1528 1230 hiatur,
1575 1194 1730 1232 anapae-

251 1252 354 1288 ticus
400 1252 580 1288 trimeter
624 1250 688 1298 fit,
732 1253 765 1288 si
805 1253 1096 1301 coniunguntur
1133 1251 1316 1301 syllabae,
1365 1251 1527 1302 dipodia
1565 1250 1732 1287 iambica

239 1333 325 1356 cum
358 1319 527 1357 dimetro
558 1321 808 1370 anapaestico.
841 1340 897 1345 —
930 1320 1007 1357 148
1048 1320 1185 1357 eodem
1215 1333 1332 1358 versu
1363 1333 1451 1357 cum
1483 1318 1733 1356 antecedenti

240 1388 280 1424 in
311 1388 341 1424 B
373 1388 577 1435 scribitur,
625 1388 694 1426 sed
733 1389 859 1438 spatio
890 1389 1010 1425 trium
1041 1392 1109 1426 aut
1138 1391 1325 1438 quattuor
1355 1389 1579 1425 litterarum
1609 1388 1732 1424 inter-

239 1457 353 1493 iecto.
414 1455 460 1493 In
490 1456 509 1493 I
542 1456 686 1494 excidit
722 1470 881 1504 versus3
929 1456 1113 1505 Wagner.
1153 1470 1225 1507 pro
1257 1456 1389 1507 spurio
1419 1455 1580 1503 habuit3
1620 1454 1730 1492 edd.:

245 1525 302 1571 „si
342 1522 498 1574 quam‘'‚
539 1537 616 1575 quo
654 1526 813 1562 minime
853 1538 963 1575 opus.
1004 1545 1059 1550 --
1101 1526 1191 1564 149.
1231 1522 1450 1574 perendie,
1497 1524 1559 1562 die
1600 1523 1734 1561 crasti-

240 1605 333 1630 num
365 1596 575 1643 sequente,
619 1593 666 1631 cf.
700 1593 821 1630 Mero.
857 1594 948 1631 369.
1009 1592 1128 1632 Stich.
1167 1594 1258 1631 516.
1306 1613 1361 1618 —
1399 1592 1517 1643 foras
1561 1588 1733 1639 feratur,

241 1662 265 1699 i.
284 1674 317 1698 e.
345 1660 543 1708 efferatur,
570 1661 795 1711 sepeliatur.
842 1661 1058 1700 Lambinus
1082 1662 1249 1700 contulit
1294 1661 1556 1712 Hipponactis
1579 1673 1733 1697 versus:

240 1729 302 1766 Ais*
338 1729 460 1779 ἡμέραι
489 1730 656 1779 γυναικός
687 1729 776 1766 εἶσιν
805 1730 955 1775 ἥδισται,
979 1732 1088 1767 ζὈταν
1118 1733 1216 1780 γαμῇ
1245 1746 1295 1773 τις
1329 1731 1484 1779 κάκφέρῃ
1507 1731 1734 1774 τεθνηκυῖαν,

241 1803 280 1836 et
310 1797 589 1836 Chaeremonis:
629 1802 787 1835 Γυναῖκα
816 1800 974 1836 θάπτειν
1005 1801 1173 1849 κρεῖσσόν
1203 1803 1297 1836 ἐστιν
1329 1801 1349 1844 ἢ
1379 1802 1515 1848 γαμεῖν.
1538 1818 1595 1822 -
1617 1806 1737 1835 soror

240 1865 354 1903 Both.
382 1869 474 1903 ante
508 1865 703 1913 „feratur“
738 1868 885 1917 posuit,
918 1867 1057 1921 Wagn.
1076 1869 1194 1905 etiam
1226 1867 1460 1905 delevit.--
1488 1868 1579 1905 150.
1613 1875 1736 1915 (suam

243 1931 342 1972 darc
371 1931 438 1972 uis
469 1947 517 1971 ex
547 1947 583 1972 v.
620 1936 697 1972 148
737 1938 885 1973 temere
923 1937 1136 1985 repetitum
1175 1936 1324 1982 delevi3
1371 1935 1510 1983 Wagn.
1544 1935 1667 1971 solum
1698 1946 1733 1971 v.

247 2000 388 2048 „dare“
425 2003 627 2052 expunxit.
653 2023 709 2028 —
733 2001 903 2052 meptias
936 2001 1105 2050 adorna,
1137 2004 1185 2042 cf.
1218 2003 1303 2041 Cas.
1338 2005 1430 2041 396.
1462 2023 1518 2027 -—
1552 2003 1642 2039 152.
1677 2000 1738 2039 est

243 2067 443 2119 (frandior
472 2070 592 2118 natu,
632 2072 657 2109 i.
690 2084 722 2108 e.
754 2071 859 2109 ultra
890 2071 1218 2118 adulescentiam,
1272 2072 1410 2108 mediae
1442 2072 1586 2117 aetatis,
1631 2070 1737 2120 quod

243 2138 469 2187 explicandi
500 2152 617 2176 causa
647 2139 770 2176 addit.
840 2139 1006 2177 Bothius
1038 2145 1075 2177 et
1099 2141 1237 2190 VVagn.
1270 2154 1334 2187 „es
1366 2137 1578 2187 grandior‘²
1615 2139 1736 2189 scrip-

243 2210 388 2253 serunt,
422 2207 527 2256 quod
557 2208 589 2244 si
620 2208 805 2245 voluisset
841 2208 1016 2254 Plautus,
1050 2222 1119 2245 nec
1156 2208 1272 2254 ‚,secl‘'
1309 2210 1513 2258 posuisset,
1546 2221 1615 2245 nec
1646 2220 1736 2256 pro-

243 2288 385 2312 nomen
421 2274 510 2321 „tu“
547 2276 755 2313 omisisset.
794 2296 850 2301 —
888 2274 1023 2314 media
1051 2278 1173 2324 oetas,
1215 2277 1261 2314 ci.
1295 2277 1374 2314 Cic.
1415 2276 1498 2313 Cat.
1539 2277 1628 2313 mai.
1673 2277 1735 2322 17,

247 2344 310 2380 60.
331 2344 394 2390 20,
414 2345 486 2381 76:
525 2342 647 2390 „Sunt
670 2345 850 2393 pueritiae
874 2349 981 2382 certa
1005 2345 1155 2392 studia3
1188 2358 1282 2382 num
1306 2345 1428 2394 igitur
1451 2358 1496 2382 ea
1513 2343 1737 2381 desiderant

246 2410 544 2448 adulescentes?
620 2410 720 2448 Sunt
769 2413 943 2449 ineuntis
991 2412 1287 2460 adulescentiae3
1334 2427 1425 2451 num
1472 2426 1517 2450 ea
1555 2415 1736 2449 constans

244 2480 322 2515 iam
353 2480 520 2528 requirit
552 2483 657 2522 aetas,
691 2492 777 2528 quae
808 2480 937 2517 media
968 2479 1141 2518 dicitur?
1188 2481 1289 2519 Sunt
1325 2483 1445 2518 etiam
1477 2482 1558 2518 eius
1589 2480 1736 2527 aetatis;

245 2560 293 2583 ne
325 2560 371 2584 ea
401 2547 559 2596 quidem
590 2551 820 2597 quaeruntur
851 2550 891 2584 in
921 2548 1165 2587 senectute“.

365 2616 455 2653 154.
496 2615 720 2653 Trochaicis
759 2617 992 2665 septenariis
1024 2617 1179 2666 reliqua
1209 2631 1333 2655 scenae
1364 2631 1455 2668 pars
1486 2617 1635 2665 scripta
1665 2620 1734 2653 est.

248 2679 363 2720 Num
401 2693 482 2720 ozon
515 2679 613 2721 uis?
659 2684 683 2720 i.
718 2697 749 2721 e.
781 2697 875 2720 num
914 2681 1050 2721 vetas?
1110 2685 1292 2735 Wagner.
1334 2686 1583 2735 antiquitatis
1622 2697 1737 2721 causa

253 2750 410 2795 ,.neuis‘·
455 2753 626 2800 scripsit.
688 2751 802 2789 Both.
835 2751 953 2790 XVeis.
993 2752 1249 2799 „N11mnam“,
1281 2767 1413 2803 prave.
1449 2773 1498 2778 —
1535 2754 1624 2791 155.
1656 2761 1738 2790 me-
