1897 3171
771 191 813 225 v.
839 191 1028 225 640—662.
1565 193 1643 231 347

159 321 376 359 Strobilum
402 321 598 360 dicentem
629 321 798 357 faciunt:
851 319 1012 366 „Euclio
1043 322 1174 370 potius
1206 322 1355 368 gratias
1393 319 1489 356 mihi
1529 330 1644 366 agere

158 390 305 436 debuit,
353 391 421 440 qui
460 389 560 427 nihil
591 384 859 434 abstulerim“,
902 387 942 423 id
981 400 1051 425 nos
1081 389 1303 435 intelligere
1333 388 1490 434 volunt,
1538 387 1645 436 quod

157 471 347 507 nusquam
399 456 653 505 significatur.
736 454 813 493 Sed
857 455 988 492 hiatus
1029 460 1119 506 post
1164 453 1311 502 „male“
1360 469 1498 505 parum
1546 455 1645 492 veri-

166 525 316 572 similis,
349 538 472 575 quare
496 525 616 562 Weis.
647 524 753 573 „agit
782 520 924 569 male“,
957 523 1096 572 Wagn.
1133 525 1304 574 „gratias
1336 521 1455 572 agit‘⁴;
1489 523 1643 560 Mulier.

163 591 307 642 „egit“,
355 606 442 643 quae
473 593 603 629 omnia
633 591 832 642 improbat
861 591 1025 638 Luchs,
1077 592 1253 630 Studem.
1287 590 1398 628 Stud.
1431 591 1466 637 Ι,
1506 605 1544 641 p.
1580 592 1643 637 23,

157 662 242 711 ipse
283 661 512 698 coniiciens:
571 656 701 707 „Uah!
747 663 792 696 ut
829 658 968 696 male‘st
1039 660 1163 698 Koch.
1196 661 1236 696 in
1266 660 1367 697 Ann.
1400 658 1496 708 phil.
1529 658 1644 705 CVII,

159 730 268 767 842:
327 728 467 777 „Haud
511 728 613 765 male
658 728 720 765 hic
767 730 849 776 agit
892 726 1078 777 gratias“.
1124 747 1180 753 —
1227 728 1318 764 651.
1375 723 1469 763 hinc
1514 727 1645 763 omisit

158 797 308 835 Nonius
323 811 362 847 p.
385 798 474 843 172,
502 796 622 846 idque
648 799 815 832 metrum
837 795 1093 833 commendat.
1153 791 1382 833 Socienmcs
1413 798 1471 831 est
1503 795 1644 840 socius,

157 879 247 903 rara
286 878 388 912 vox3
442 863 685 902 restituenda
740 864 898 900 videtur
946 863 1103 901 Trucul.
1154 864 1261 900 434:
1320 861 1419 909 „Sed
1473 862 1647 899 socienni

157 931 444 971 unanimantis“
490 929 642 979 (codd.:
675 929 800 976 sotie).
832 951 888 956 —-
931 928 1264 981 interstriwyam,
1313 930 1359 968 cf.
1402 930 1504 967 Rud.
1547 931 1645 967 655:

162 1001 261 1048 „Qui
306 1000 503 1038 sacerdoti
556 1000 740 1037 scelestus
793 1000 923 1036 fauces
978 997 1316 1048 interpresseris“.
1362 1018 1417 1023 —
1471 998 1562 1034 652.
1611 996 1646 1033 te

156 1066 320 1108 ‘dideam
345 1068 479 1115 codd.;
518 1068 632 1105 Both.
662 1072 700 1104 et
735 1069 907 1105 numeris
944 1072 982 1104 et
1013 1081 1128 1105 sensu
1151 1067 1394 1117 postulante:
1427 1062 1646 1110 rem‘decmb,

158 1138 206 1175 cf.
231 1137 389 1174 Trucul.
417 1137 518 1174 319:
557 1136 690 1181 „Nunc
724 1135 773 1172 ad
806 1149 911 1172 eram
942 1134 1169 1173 renidebo“.
1230 1135 1288 1172 De
1320 1135 1462 1172 omisso
1495 1133 1646 1170 obiecto

158 1204 237 1243 vid.
270 1205 318 1242 ad
349 1205 458 1242 Asin.
493 1205 586 1241 392.

272 1273 365 1310 653.
411 1272 513 1309 Dum
544 1272 682 1309 Euclio
721 1272 853 1309 fanum
894 1273 1040 1317 intrat,
1089 1271 1284 1308 Strobilus
1323 1270 1487 1307 senariis
1519 1282 1647 1306 secum

157 1342 321 1391 loquens
351 1341 549 1390 promittit
579 1341 676 1388 fore,
717 1344 761 1377 ut
792 1353 929 1377 aurum
969 1339 1131 1377 auferat.
1192 1335 1437 1376 Emorlucrm
1470 1347 1533 1374 me
1562 1347 1647 1374 ma-

157 1406 303 1457 uelim,
350 1409 397 1446 cf.
436 1409 578 1458 Amph.
615 1410 734 1446 1011.
776 1428 832 1433 —
873 1409 965 1445 654.
1014 1405 1104 1445 dem
1141 1404 1345 1452 insidias3
1393 1405 1512 1443 Gron.
1548 1405 1645 1442 conf.

158 1478 244 1516 Mil.
266 1479 357 1516 305.
403 1477 544 1514 Pseud.
581 1478 672 1514 598.
711 1477 828 1514 1235.
856 1496 912 1501 -—
936 1477 1028 1513 655.
1061 1476 1154 1512 Post
1176 1472 1290 1513 Nam
1320 1474 1463 1511 hiatus.
1496 1473 1646 1511 Camer.

163 1543 406 1594 „Namque“.
470 1545 627 1582 Muller.
665 1543 853 1590 „iterum“
899 1543 1082 1582 addebat.
1129 1564 1183 1568 —
1231 1545 1321 1580 656.
1369 1540 1520 1591 ecferet
1556 1541 1647 1578 olim

158 1628 229 1652 em.
261 1634 317 1638 —
357 1615 449 1651 657.
496 1609 604 1661 foris
646 1610 819 1660 crepuit,
867 1612 914 1649 cf.
947 1612 1088 1662 Amph.
1129 1613 1223 1649 492.
1300 1610 1340 1648 Si
1371 1623 1503 1646 versus
1541 1613 1647 1646 recte

156 1682 328 1721 traditus
374 1686 451 1729 est,
497 1681 559 1718 hic
598 1681 971 1730 proceleusmaticus
1017 1684 1085 1717 est.
1133 1700 1180 1704 —
1233 1680 1324 1716 658.
1372 1676 1426 1716 ad
1462 1676 1645 1724 mmmm,

157 1750 364 1800 Megadori
403 1749 566 1795 aedium,
614 1748 751 1795 credo,
798 1749 837 1785 in
884 1750 992 1785 cuius
1036 1747 1175 1785 umbra
1220 1746 1371 1784 latebit.
1446 1737 1647 1782 Acidalius

163 1819 277 1867 „hine
310 1818 358 1855 ab
389 1815 529 1854 ianua“
564 1816 645 1853 fani
675 1817 780 1853 fores
813 1817 1048 1864 intelligens.

274 1887 366 1924 659.
398 1885 492 1922 Exit
521 1885 660 1922 Euclio
693 1885 812 1921 ollam
845 1897 972 1921 secum
1005 1884 1151 1930 ferens,
1195 1896 1311 1932 quam
1341 1883 1381 1918 in
1413 1880 1525 1917 Fidei
1556 1880 1647 1917 fano

157 1968 298 2006 parum
329 1957 458 1991 tutam
489 1953 624 1991 credit.
685 1952 833 1990 Charis.
866 1965 903 2001 p.
937 1953 988 1990 70
1023 1952 1146 1989 Keil.:
1191 1950 1311 1998 „fides
1343 1963 1428 1987 cum
1461 1948 1647 1985 chordam

161 2022 373 2072 significat,
419 2022 534 2059 huius
564 2021 652 2058 fidis
683 2021 799 2067 facit,
848 2034 933 2058 cum
966 2020 1094 2066 deam,
1142 2019 1257 2056 huius
1290 2018 1420 2063 Fidei,
1469 2017 1647 2066 quamvis

159 2091 326 2129 Plautus
357 2090 524 2127 dixerit:
579 2089 692 2127 Fidei
724 2089 927 2126 censebam
959 2086 1057 2126 etc.“
1136 2087 1334 2124 Charisius
1370 2084 1493 2133 ‚,fide‘·
1529 2085 1647 2133 scrip-

159 2160 255 2197 sisse
286 2159 463 2205 videtur,
510 2162 555 2195 ut
593 2159 678 2208 ipsa
718 2159 915 2206 scriptura
953 2169 1083 2194 vocem
1124 2155 1357 2205 bisyllabam
1390 2167 1471 2190 esse
1503 2151 1648 2200 signifi-

162 2230 288 2272 caret,
321 2239 356 2264 v.
391 2226 439 2263 ad
472 2225 564 2263 607.
604 2245 660 2250 --
700 2227 792 2263 660.
839 2222 1020 2263 subleuit
1049 2228 1088 2262 et
1118 2224 1245 2261 Varro
1285 2222 1390 2273 apud
1422 2221 1569 2258 Charis.
1609 2233 1646 2268 p.

165 2296 240 2333 189
274 2295 323 2332 K.
357 2297 396 2330 et
435 2294 586 2331 Nonius
627 2307 665 2343 p.
699 2295 770 2340 45,
810 2295 896 2343 qui:
948 2292 1152 2339 „Subleuit
1197 2290 1391 2339 significat
1436 2289 1561 2326 illusit
1607 2292 1645 2323 et

160 2375 233 2414 pro
264 2362 431 2399 ridiculo
462 2362 620 2407 habuit,
663 2365 833 2398 tractum
869 2375 890 2398 a
921 2374 1063 2410 genere
1103 2360 1206 2407 ludi,
1250 2372 1325 2409 quo
1364 2355 1646 2394 dormientibus

162 2444 232 2469 ora
267 2428 525 2480 pinguntur“.
606 2429 810 2466 Eiusmodi
856 2429 1078 2466 ludibrium'
1109 2429 1318 2466 Petronius
1366 2432 1647 2463 commemorat

161 2512 193 2537 c,
229 2500 292 2545 22,
318 2512 340 2535 a
370 2498 510 2535 Plauto
542 2498 712 2534 alienum
744 2501 814 2534 est.
878 2497 928 2535 Os
960 2498 1157 2534 sublinere
1191 2497 1307 2532 alicui
1342 2499 1399 2530 est
1436 2492 1647 2542 praestigiis

161 2566 308 2604 oblatis
346 2566 478 2603 oculos
516 2565 679 2602 turba-re
718 2568 755 2601 et
795 2578 912 2603 caecos
952 2565 1136 2610 reddere,
1187 2564 1232 2600 cf.
1274 2562 1384 2610 Capt.
1429 2561 1519 2597 650.
1555 2560 1646 2596 777.

162 2634 274 2672 Cure.
317 2632 408 2671 589.
474 2633 589 2683 Epid.
630 2634 723 2671 425.
784 2633 869 2671 Mil.
915 2635 1005 2671 110.
1074 2633 1193 2669 Merc.
1227 2631 1319 2667 476.
1381 2627 1520 2665 Pseud.
1555 2628 1646 2663 724.

162 2702 271 2740 Trin.
307 2703 400 2740 558.
432 2721 487 2727 —-·
516 2699 807 2749 paem'ssume,
854 2701 900 2738 cf.
933 2702 1027 2739 458.
1064 2719 1112 2725 —
1155 2700 1247 2735 661.
1281 2706 1445 2743 coruos,
1485 2709 1519 2732 v.
1555 2696 1647 2732 616.

161 2767 398 2819 periissem,
431 2768 560 2807 Guiet.
595 2789 642 2794 -
686 2770 779 2807 662.
828 2779 991 2807 coruom
1022 2765 1077 2805 αι]
1105 2776 1168 2804 me
1198 2763 1338 2803 ueniat
1368 2761 1510 2809 uelim,
1558 2766 1650 2799 nota
