1854 3188
125 203 174 247 ΙΙ,
188 205 218 244 3,
233 204 367 238 71—87
503 203 511 210 ‘
760 202 972 237 Bacchides.
1563 207 1612 245 81

126 328 381 371 Subdueunt
410 329 599 371 lembum
631 327 848 382 capitibus
881 328 1201 382 quassantibus.

123 401 212 443 Nos
244 401 363 455 apud
392 400 665 445 Theotimum
696 414 818 442 omne
851 414 1005 441 aurum
1037 400 1341 454 deposiuinius,

124 471 208 522 Qui
238 472 325 514 illic
357 472 561 514 sacerdos
592 475 658 513 est
688 472 852 522 Dianae
884 471 1111 525 Ephesiae.

715 566 813 607 Nic
827 566 1021 608 obulus

125 638 232 689 Quis
262 639 361 681 istic
392 638 696 682 Theotimust?

723 733 1013 787 Chrysalus

751 805 1014 859 Megalobuli
1045 804 1171 855 filius,
1551 816 1615 850 305

121 878 207 928 Qui
237 892 351 920 nunc
382 879 426 919 in
457 878 673 932 Ephesost
705 877 906 931 Ephesiis
940 877 1216 919 carissumus.

720 972 1017 1014 Nicobulus

123 1044 186 1086 Ne
217 1044 289 1085 ille
320 1044 462 1086 hercle
493 1045 598 1086 mihi
630 1045 685 1086 sit
716 1045 851 1086 multo
883 1049 1004 1086 tanto
1038 1044 1189 1094 carior,

123 1116 168 1158 Si
200 1131 266 1158 me
296 1116 370 1158 illo
404 1131 511 1158 auro
543 1121 667 1159 tanto
700 1116 1050 1158 circumduxerit.

722 1212 1020 1266 Chrysalus

122 1283 234 1334 Quin
263 1283 307 1324 in
336 1283 431 1337 ipsa
462 1284 567 1326 aede
598 1283 806 1336 Ephesiae
836 1284 999 1325 Dianae
1032 1283 1320 1334 conditumst3

122 1355 287 1396 Ibidem
318 1355 553 1409 publicitus
587 1361 776 1398 seruant.

712 1450 881 1492 Nicob
894 1451 1015 1492 ulus

835 1523 1063 1565 Occidistis
1096 1537 1184 1573 n1e3
1549 1535 1615 1567 310

120 1593 262 1634 Nimio
295 1594 365 1635 hic
396 1595 602 1648 priuatim
633 1601 883 1636 seruaretur
912 1595 1089 1636 rectius.

119 1665 206 1707 Sed
236 1665 397 1707 nihilne
430 1666 651 1708 adtulistis
683 1666 783 1707 inde
816 1667 911 1707 auri
944 1666 1146 1708 domum?

719 1772 748 1813 C
761 1772 788 1813 h
800 1787 821 1813 1·
832 1787 856 1826 y
868 1788 886 1813 s
897 1772 982 1814 alu
993 1787 1010 1814 s

119 1842 254 1884 Immo
287 1843 418 1884 etiam
432 1860 440 1895 3
473 1857 635 1894 uerum,
667 1850 879 1897 quantum
912 1844 1133 1895 adtulerit,
1165 1845 1322 1886 nescio.

718 1949 1022 1992 Nicobulus

124 2019 248 2072 Quid,
280 2022 420 2063 nescis
432 2023 451 2062 ’ἐ

719 2105 1018 2159 Chrysalus

495 2175 604 2225 Quia
634 2176 926 2219 Mnesilochus
959 2183 1089 2220 noctu
1122 2178 1365 2220 clanculum

120 2247 306 2289 Deuenit
337 2247 393 2290 ad
424 2247 696 2290 Theotimum
726 2263 805 2290 nec
834 2249 941 2291 mihi
971 2250 1145 2292 credere
1546 2262 1611 2294 315

123 2318 212 2360 Nec
242 2319 476 2373 quoiquam
505 2320 549 2361 in
579 2321 681 2362 naui
709 2320 860 2373 uoluit,
895 2336 943 2363 eo
976 2335 1054 2375 ego
1086 2323 1245 2374 nescio,

122 2389 343 2440 Quantum
372 2391 480 2433 illim
510 2392 739 2443 adtulerit3
771 2407 923 2434 uerum
954 2393 1070 2436 haud
1101 2394 1364 2448 permultum
1396 2393 1567 2436 adtulit.

719 2487 848 2529 Nico
859 2488 885 2529 b
897 2502 923 2529 u
937 2488 987 2529 lu
1000 2503 1018 2530 s

124 2556 269 2598 Etiam
300 2557 524 2599 dimidium
556 2560 734 2600 censes?

216 2725 282 2760 303
306 2726 573 2770 theothimum,
611 2732 643 2763 et
672 2729 725 2762 sic
748 2734 961 2765 constanter.
1085 2730 1320 2774 deposuimus
1457 2730 1524 2763 305
1549 2729 1617 2772 Qui

125 2781 194 2814 309
218 2780 402 2826 Ephesiae
428 2794 494 2818 om.
590 2786 655 2818 317
681 2783 905 2827 Quantulum
931 2786 1094 2821 attulerit

1326 2854 1345 2887 6
