1897 3171
250 205 330 243 444
887 200 1098 234 Bacchides.

250 330 413 367 rusticu'
447 329 616 367 concinit
649 327 765 367 una“.
842 329 898 368 Cf.
931 329 1066 376 Lowe,
1109 329 1325 366 Prodomus
1357 330 1655 377 glossariorum,
1697 343 1734 379 p.

252 400 347 436 265.
419 393 634 435 Buccones
665 410 736 434 nec
767 398 916 445 garruli
949 401 1056 444 sunt,
1090 401 1134 435 ut
1164 397 1358 444 Isidorus,
1391 411 1462 434 nec
1494 401 1734 445 arrogantes,

249 470 293 503 ut
323 466 521 503 Meursius
552 466 686 512 voluit,
721 465 788 502 sed
819 466 1052 516 simpliciter
1084 465 1227 512 stolidi,
1262 467 1329 514 qui
1360 466 1491 503 buccis
1521 466 1667 515 patulis
1700 469 1738 502 et

251 548 317 572 ore
345 537 480 584 aperto
506 535 633 571 omnia
659 534 882 584 adspiciunt
906 535 1019 583 quasi
1044 547 1110 570 ore
1143 533 1370 571 devoraturi
1403 534 1505 583 quod
1537 534 1735 571 oculorum

251 607 318 640 aut
349 603 502 639 aurium
535 615 607 651 ope
640 602 863 650 intelligere
895 605 1107 651 nequeunt.
1140 622 1187 626 —·
1226 603 1344 640 1086.
1378 599 1570 640 indoctis.
1612 601 1657 639 R.
1692 615 1738 638 ex

250 671 465 708 Hermanni
497 672 595 708 coni.
633 669 815 717 „moris“,
849 676 1007 708 temere.
1034 690 1091 694 —
1121 672 1239 709 1087.
1275 667 1394 708 ludos
1424 667 1593 718 factum,
1625 683 1661 707 v,
1690 670 1738 706 ad

249 739 391 789 Amph.
413 740 578 777 567.——
608 740 725 777 1088.
763 735 891 787 Quam
924 735 1057 787 mayis
1089 742 1174 785 ete„
1208 739 1254 777 cf.
1278 741 1395 776 1073.
1424 759 1476 764 —
1504 749 1612 785 uror,
1638 749 1741 788 quae

250 822 320 846 em.
347 807 509 855 Camer.,
542 810 566 845 i.
594 822 627 845 e.
659 812 825 857 propter
856 821 899 844 ea
931 820 1028 855 quae,
1061 807 1140 845 vid.
1175 807 1224 844 ad
1255 808 1397 856 Amph.
1432 809 1495 845 38.
1534 827 1579 831 --
1620 808 1738 844 1089.

251 873 440 914 omuibus
479 873 695 924 exemplis,
748 876 794 913 cf.
829 875 938 924 Capt.
974 876 1065 913 685.
1127 876 1246 913 Most.
1285 878 1374 914 187.
1409 877 1501 913 217.
1539 876 1657 913 1024.
1691 874 1739 911 al.

249 965 301 970 —-
341 946 458 983 1091.
492 941 744 983 delaceram't
772 957 906 981 versus
938 957 1054 981 causa
1084 944 1247 991 Ritsch„
1280 949 1324 981 ut
1357 945 1468 994 Capt.
1504 943 1596 982 666.
1644 943 1740 980 Her-

251 1027 415 1051 mannus
452 1010 587 1060 „1ned“
619 1013 916 1062 scripserat.—
937 1014 1055 1050 1092.
1087 1010 1231 1059 scelus,
1265 1014 1482 1050 convicium
1515 1007 1577 1061 (ut
1602 1009 1739 1058 1176),

252 1084 479 1132 appositum
509 1082 732 1131 pronomini
764 1078 822 1127 z'S,
863 1095 934 1118 nec
965 1084 1098 1118 tamen
1128 1081 1218 1118 ideo
1251 1082 1455 1118 masculini
1486 1081 1656 1130 generis,
1697 1082 1743 1117 ut

253 1150 358 1200 apud
389 1150 478 1188 Ter.
511 1150 612 1188 Eun.
657 1151 735 1187 302
779 1149 871 1197 „ille
911 1148 1101 1187 senium“.
1164 1150 1210 1187 cf.
1244 1150 1327 1187 Mil.
1364 1151 1456 1187 826.
1492 1149 1584 1186 839.
1622 1149 1739 1186 1425.

250 1218 338 1256 Ter.
371 1218 493 1256 Andr.
529 1220 620 1256 607.
655 1219 748 1256 844.
780 1238 836 1243 —-
876 1227 976 1255 auro
1008 1214 1204 1266 attondit,
1244 1218 1291 1256 cf.
1325 1218 1375 1255 ad
1407 1219 1499 1255 239.
1538 1237 1565 1241 -
1622 1217 1741 1254 1194.

255 1288 353 1334 „sibi
380 1284 490 1324 eam“
519 1287 650 1324 Herm.
670 1290 709 1324 et
724 1287 874 1324 Ritsch.
894 1290 1089 1337 transpos.
1109 1300 1245 1324 versus
1269 1300 1398 1334 causa,
1423 1287 1593 1324 fortasse
1616 1290 1741 1331 recte3

250 1356 316 1393 sed
351 1355 453 1405 quod
487 1355 604 1393 iidem
627 1355 859 1393 uoluerunt:
897 1354 1153 1401 ‚,1n01n01·at“,
1187 1357 1270 1392 iure
1302 1356 1454 1405 sprevit
1469 1354 1529 1392 Fl.
1552 1374 1602 1378 —-
1623 1355 1741 1391 1095.

251 1421 473 1463 Relicmtm
503 1422 548 1462 ’ἱίῖ
579 1421 671 1462 (curi
701 1420 877 1472 factum,
910 1424 1016 1473 hauc
1041 1438 1229 1461 summani
1260 1428 1424 1470 restare,
1458 1437 1530 1472 pro
1564 1436 1639 1472 qua
1671 1422 1744 1459 sibi

251 1495 473 1530 etiamnunc
511 1506 629 1542 opera
671 1492 894 1529 deberetur.
956 1492 1013 1529 De
1052 1493 1181 1529 forma
1224 1493 1440 1538 „relicuus”
1476 1491 1554 1529 vid.
1588 1491 1742 1538 Proleg.

250 1576 288 1612 p.
324 1563 402 1599 215
437 1566 475 1598 et
506 1560 555 1599 ad
585 1561 693 1598 Asin.
735 1562 828 1598 231.
867 1580 923 1585 —
967 1562 1070 1598 1096
1103 1574 1159 1610 sq.
1198 1561 1359 1598 turbata
1401 1561 1663 1610 descriptione
1706 1560 1745 1596 in

249 1634 330 1668 tres
361 1643 497 1667 versus
529 1630 664 1667 divisit
696 1629 746 1676 B,
788 1643 906 1679 quum
946 1630 1167 1667 octonarius
1200 1634 1238 1675 ct
1270 1630 1515 1679 septenarius
1547 1630 1637 1666 sint.
1699 1628 1745 1664 In

251 1700 386 1749 priore
416 1712 532 1736 versu
563 1699 709 1736 Ritsch.
746 1696 872 1748 „quo“
908 1711 980 1747 pro
1015 1696 1174 1747 ,ΛΝΜΓί
1210 1699 1384 1748 scripsit,
1433 1710 1509 1747 quo
1540 1711 1619 1734 non
1650 1710 1746 1746 opus

252 1773 329 1814 est,
362 1768 580 1804 necessario
613 1771 742 1804 autem
777 1767 1000 1804 addendum
1033 1771 1091 1804 est
1114 1767 1332 1804 subiectum
1359 1767 1469 1804 verbi
1497 1762 1743 1814 pemmscst,

253 1837 382 1874 Herm.
421 1841 602 1885 ..pectus'
647 1836 818 1882 addidit,
859 1841 903 1872 ut
943 1836 1030 1873 Aul.
1072 1836 1180 1882 4603
1236 1835 1412 1883 Seyffert.
1454 1834 1563 1872 Stud.
1604 1848 1642 1884 p.
1680 1836 1742 1880 13,

253 1919 371 1954 quum
399 1901 472 1943 laroc
496 1918 572 1941 non
597 1908 701 1941 recte
728 1905 875 1954 corripi
899 1905 1112 1951 videretur,
1147 1914 1226 1952 cor,
1259 1904 1363 1953 quod
1388 1904 1542 1941 facilius
1567 1902 1744 1940 excidere

251 1976 394 2023 potuit.
462 1973 724 2010 Posteriorem
764 1986 917 2010 versum
956 1972 1002 2009 R.
1035 1973 1093 2010 Fl.
1134 1987 1206 2023 pro
1247 1975 1382 2023 spurio
1423 1972 1656 2009 habuerunt.
1689 1991 1742 1995 -

257 2043 530 2079 1098--1105
580 2044 824 2091 septenarios
865 2043 1125 2091 anapaesticos
1165 2055 1246 2079 esse
1284 2041 1386 2078 vidit
1426 2041 1485 2079 Fl.
1526 2060 1582 2065 --
1635 2034 1745 2078 Cano

254 2107 394 2159 capite,
427 2112 450 2148 i.
485 2125 517 2148 e.
551 2124 635 2147 cum
669 2124 764 2148 cano
798 2111 937 2160 capite.
974 2111 1019 2147 ct.
1046 2110 1166 2148 Mero.
1202 2109 1300 2148 301:
1347 2109 1457 2156 „Tun
1488 2110 1617 2159 capite
1648 2121 1744 2145 cano

253 2176 415 2216 alnas'?“
482 2181 581 2216 398:
630 2179 722 2225 ..illa
760 2179 927 2216 forma‘'.
967 2199 1021 2203 —
1065 2180 1184 2216 1099.
1231 2189 1313 2217 mm
1353 2175 1493 2224 nauci,
1537 2177 1653 2223 nihil,
1698 2176 1744 2214 cf.

252 2249 369 2287 Most.
408 2250 526 2285 1025.
574 2247 689 2284 Truc.
725 2248 816 2285 601.
864 2247 967 2284 Fest.
1001 2260 1038 2296 p.
1079 2247 1169 2284 166.

371 2318 489 2354 1102.
538 2312 621 2353 Ha·
653 2313 815 2363 quidem
845 2316 970 2364 pater
1002 2312 1270 2363 Mnesilochi,
1314 2329 1365 2353 sc.
1404 2314 1527 2361 .‚est‘·‚
1561 2314 1668 2363 quod
1698 2314 1744 2351 R.

253 2390 342 2435 post
371 2382 665 2432 .,Mnesilocl1i“,
699 2384 758 2421 Fl.
784 2388 876 2434 post
906 2382 1111 2433 „quidemst”
1142 2384 1266 2421 addit.
1309 2383 1428 2433 pater
1457 2384 1636 2420 ultimam
1668 2396 1745 2419 non

253 2454 459 2504 producit;
493 2454 614 2490 etiam
645 2449 748 2490 mccli
778 2466 850 2502 pro
882 2452 1112 2502 pyrrhichio
1152 2457 1223 2490 est.
1255 2472 1307 2477 —
1347 2453 1465 2490 1103.
1509 2448 1745 2497 Pham-mee,

254 2524 381 2560 altera
411 2523 535 2560 brevi.
570 2542 623 2546 -
661 2518 723 2559 Et
751 2521 805 2568 tu,
838 2535 874 2559 v.
908 2520 958 2558 ad
988 2522 1077 2558 Aul.
1115 2521 1205 2559 169.
1244 2541 1291 2546 -
1333 2516 1451 2559 Unde
1483 2516 1610 2570 apsis?
1655 2521 1678 2557 i.
1713 2533 1744 2556 e.

253 2591 356 2628 unde
386 2589 522 2627 venis?
572 2590 703 2628 Herm.
741 2587 827 2638 „te“
865 2588 988 2636 addit,
1022 2593 1060 2626 et
1091 2591 1146 2626 sic
1178 2589 1253 2625 dici
1285 2590 1396 2634 solet,
1429 2603 1464 2626 v.
1497 2588 1617 2625 Most.
1653 2589 1745 2625 335.

253 2660 338 2709 Mil.
374 2661 466 2697 860.
515 2659 633 2696 Poen.
669 2660 760 2696 330.
809 2658 914 2695 Pers.
950 2658 1041 2695 483.
1090 2657 1176 2695 Ter.
1210 2658 1333 2695 Andr.
1369 2659 1470 2704 7083
1503 2656 1567 2692 sed
1601 2656 1746 2692 omitti-

253 2712 318 2766 tui·
354 2727 439 2775 „te‘'
477 2729 595 2765 etiam
626 2727 732 2764 Pers.
768 2728 867 2764 217:
907 2726 1016 2773 „Quo
1049 2723 1200 2774 agis?“,
1233 2730 1277 2763 ut
1308 2727 1348 2763 in
1380 2724 1596 2774 recipiendi
1626 2724 1747 2761 verbo

255 2810 371 2845 supra
414 2810 446 2833 v,
481 2797 573 2833 292.
614 2816 668 2820 —-
714 2795 930 2832 Nicobulus
971 2808 1048 2832 non
1087 2809 1109 2831 a,
1147 2794 1232 2831 foro
1271 2808 1310 2830 se
1349 2795 1481 2830 venire
1522 2793 1745 2842 respondet,
