1897 3171
781 213 823 249 v.
848 215 1037 248 670-713,
1567 218 1648 257 423

154 357 242 383 -11011
271 346 420 395 potest,
460 356 532 380 nec
576 339 701 393 „qua“
743 343 826 379 veri
863 342 1160 379 similitudinem
1201 343 1330 380 habet.
1392 343 1537 394 Scripsi
1572 340 1651 393 Qui

162 415 210 450 ut
236 426 273 450 v.
307 413 399 449 669.
471 407 622 459 „Quid“
662 410 841 456 Miiller.,
888 410 1048 447 Nachtr.
1090 424 1129 460 p.
1164 412 1227 448 21.
1273 431 1329 437 —
1372 408 1649 460 manufestum

114 508 116 510 -
162 480 382 518 Gulielmus
414 492 507 526 em.,
546 478 626 518 vid.
659 477 709 515 ad
737 477 879 528 Amph.
916 479 1035 515 1045.
1071 497 1119 502 -
1163 479 1254 517 694.
1301 479 1395 517 Post
1430 478 1468 517 Si
1497 481 1647 527 hiatur3

162 547 209 586 R.
241 548 301 585 Fl.
336 545 458 596 „ego“
495 546 656 584 addunt.
712 545 834 583 Iidem
866 559 977 583 mox:
1015 546 1094 593 „nil
1125 544 1259 583 mihi“,
1293 567 1345 572 —-
1378 547 1470 585 695.
1502 544 1647 594 Immo,

160 616 211 654 cf.
245 617 337 654 205.
370 635 426 641 —-
455 625 518 653 me
550 612 794 659 aduorsum,
842 627 992 651 1110011111
1032 614 1276 663 colloquens,
1325 615 1371 652 cf.
1404 616 1493 653 Ter.
1525 616 1647 654 Andr.

161 684 265 721 265:
316 683 419 732 „Sed
458 696 559 720 nunc
596 695 768 732 peropus
810 686 888 728 est,
935 685 1003 719 aut
1042 681 1145 719 hunc
1177 696 1261 719 cum
1292 684 1377 733 ipsa
1408 688 1474 720 aut
1504 684 1551 721 de
1581 684 1649 721 illa

161 765 223 789 me
254 751 464 789 aduorsum
503 751 605 788 hunc
641 751 762 799 loqui.
794 770 850 774 —
883 746 974 796 tibi,
1014 751 1039 786 i.
1073 763 1104 787 e.
1137 751 1177 787 in
1207 754 1264 796 te,
1303 755 1349 788 ut
1386 751 1487 787 male
1520 751 1648 788 dicere

158 819 290 857 alicui.
311 838 360 845 —
382 821 474 857 696.
508 817 664 857 diceres
681 817 814 864 codd.;
847 817 934 855 edd.
965 815 1248 865 „dixeris“.-—
1274 820 1366 856 699.
1398 815 1647 869 Emzmycmz,

160 888 367 937 decipiam,
400 887 447 926 cf.
484 888 604 925 1098.
650 886 766 936 Epid.
795 887 888 923 490.
934 885 1050 924 Most.
1080 888 1198 924 1091.
1246 887 1334 924 Ter.
1367 887 1524 925 Phorm.
1555 889 1647 925 682.

157 956 298 993 Horat.
330 955 376 993 A.
409 955 452 993 P.
486 957 578 993 238.
615 975 662 980 —
705 955 797 992 699.
837 949 968 991 Enim
998 950 1105 992 nihil
1134 968 1205 1004 per
1237 968 1276 992 se
1307 968 1385 992 non
1418 955 1647 1002 offenderet,

155 1038 195 1062 v.
229 1023 279 1061 ad
307 1024 397 1061 Aul.
431 1025 524 1071 492,
557 1023 626 1061 sed
657 1023 720 1061 est
747 1022 842 1059 ferri
872 1024 1025 1071 nequit,
1066 1036 1111 1060 ac
1142 1022 1323 1060 delerunt
1352 1027 1441 1072 post
1473 1023 1649 1061 Camera-

154 1093 259 1129 rium
297 1105 444 1129 omnes.
517 1091 713 1141 Equidem
759 1104 843 1128 cum
882 1090 1073 1137 Miillero,
1122 1090 1283 1128 Nachtr.
1324 1104 1361 1140 p.
1404 1090 1453 1138 6,
1501 1091 1651 1129 credidi

156 1163 288 1198 ortum
319 1173 403 1197 esse
429 1173 476 1197 ex
504 1156 672 1207 „enim“,
705 1159 778 1196 1100
803 1162 932 1196 autem
956 1159 1200 1205 vocabulum,
1236 1172 1354 1208 quum
1378 1159 1649 1197 animadverso

158 1240 290 1265 errore
322 1229 633 1277 suprascriptum
665 1230 777 1274 esset,
809 1231 949 1278 postea
980 1227 1150 1264 alienum
1182 1227 1309 1264 10011111
1341 1241 1562 1277 occupasse.
1595 1247 1650 1254 —·

156 1296 252 1334 701.
285 1293 386 1346 quid
413 1291 554 1344 refert,
588 1296 649 1333 cui
678 1296 767 1333 usui
797 1292 884 1333 est‘?
917 1295 963 1333 cf.
1000 1296 1090 1333 516.
1130 1314 1185 1320 —
1225 1297 1317 1333 704.
1358 1295 1453 1332 Post
1483 1295 1649 1346 sumptu

155 1363 301 1402 hiatus.
363 1364 479 1402 Both.
513 1368 552 1401 et
582 1364 627 1401 R.
660 1368 812 1414 transp.
850 1368 958 1411 „tum
999 1367 1160 1413 sumptu
1193 1363 1305 1400 nobis
1337 1376 1434 1413 opus
1466 1361 1562 1402 est“.
1595 1383 1651 1389 —-

156 1433 251 1470 706.
297 1429 510 1470 intendam
541 1428 773 1479 ballistam,
820 1436 913 1469 nota
943 1432 1092 1480 imago,
1141 1432 1187 1469 cf.
1220 1431 1338 1469 Poen.
1374 1433 1474 1470 201:
1526 1432 1651 1479 „Quoi

153 1501 232 1537 iam
276 1500 471 1537 infortuni
515 1501 670 1537 intenta
715 1499 871 1540 ballista
916 1504 975 1537 est
1012 1498 1177 1550 probe²·.
1252 1499 1339 1537 Ter.
1372 1500 1513 1537 Heaut.
1550 1500 1648 1538 513:

156 1568 425 1616 „intendenda
462 1569 504 1605 in
543 1571 714 1605 senemst
745 1566 940 1606 fallacia“.
973 1588 1028 1592 —
1070 1569 1162 1605 708.
1210 1563 1341 1606 Recta
1365 1569 1515 1617 porta,
1557 1570 1582 1606 i.
1616 1582 1648 1606 e.

154 1640 264 1674 recta
309 1650 379 1687 per
424 1639 602 1686 portam,
657 1636 710 1673 cf.
756 1636 841 1673 Mil.
885 1638 985 1673 331:
1045 1640 1178 1683 „recto
1225 1635 1366 1673 osti0··'.
1449 1637 1651 1674 Inutiliter

153 1705 369 1753 Kiessling.
410 1705 452 1741 in
489 1703 686 1752 Symbolis
733 1704 872 1754 philol.
912 1704 1036 1741 Bonn.
1078 1703 1128 1740 ad
1165 1704 1313 1741 Ritsch.
1356 1705 1433 1742 840
1484 1705 1651 1752 „Fracta

154 1769 296 1822 porta“
331 1773 509 1810 coniecit.
542 1791 596 1797 —-
628 1772 721 1810 710.
756 1768 875 1810 Sicut
904 1776 1010 1809 recte
1043 1772 1267 1809 emendavit
1296 1772 1342 1809 D.
1402 1773 1651 1810 Aberrarunt

155 1841 358 1879 Acidalius
398 1844 437 1878 et
475 1840 738 1877 Hermannus:
791 1840 856 1888 „Si
897 1842 991 1890 quoi
1029 1845 1189 1889 superat
1228 1837 1418 1877 animus“.
1459 1860 1514 1865 —-
1553 1842 1647 1877 712.

156 1919 292 1948 ceram
331 1908 367 1947 et
405 1904 593 1955 tabellas,
641 1909 666 1945 i.
700 1922 732 1946 e.
773 1912 923 1946 ceratas
961 1908 1138 1946 tabellas.
1215 1908 1329 1945 Both.
1370 1909 1415 1945 R.
1455 1908 1515 1945 Fl.
1560 1906 1646 1955 „et-‘⁶

156 1976 354 2024 delerunt,
387 1978 453 2015 vix
483 1981 602 2014 recte.
665 1976 741 2014 Sed
778 1977 891 2014 valde
923 1990 1081 2024 vereor,
1120 1990 1167 2013 110
1207 1990 1297 2013 cera
1328 1976 1571 2024 significetur
1603 1976 1651 2013 ad

156 2044 392 2094 signandum
433 2044 648 2092 destinata,
689 2048 733 2082 ut
771 2046 1067 2095 transponenda
1108 2045 1227 2082 verba
1265 2046 1363 2082 sint:
1416 2044 1581 2091 „stilum
1614 2047 1652 2081 et

158 2112 340 2159 tabellas,
375 2125 514 2159 ceram,
547 2111 721 2160 111111111“;
755 2113 801 2151 ef.
834 2114 939 2150 infra
972 2114 1065 2151 744.
1120 2113 1262 2151 Pseud.
1289 2114 1360 2150 42:
1397 2126 1493 2161 „per
1525 2126 1651 2150 ceram

159 2184 200 2217 et
222 2178 386 2218 linum“.
433 2180 490 2218 De
518 2191 611 2219 cera
636 2181 682 2219 cf.
712 2181 790 2219 Cic.
816 2195 854 2231 p.
879 2181 1020 2218 Flacco
1056 2183 1118 2219 16.
1167 2181 1278 2219 Ovid.
1304 2182 1389 2219 Am.
1417 2182 1464 2227 ΙΙ,
1496 2183 1556 2227 15,
1588 2182 1648 2218 16.

158 2248 260 2286 Plin.
287 2248 336 2286 H.
354 2248 401 2286 N.
433 2249 482 2297 ΙΙ,
517 2251 579 2295 51,
617 2250 716 2296 1373
750 2249 798 2287 de
831 2246 928 2296 lino,
963 2263 1039 2299 quo
1071 2249 1347 2298 obligabantur
1377 2249 1530 2286 tabellae
1562 2252 1650 2285 ante

159 2330 277 2366 quam
308 2316 625 2366 obsignabantur,
660 2317 706 2355 cf.
740 2317 816 2355 Cic.
843 2316 924 2355 Cat.
958 2317 1027 2364 HI,
1057 2322 1091 2365 5,
1122 2320 1183 2356 10:
1222 2318 1368 2365 „linum
1392 2313 1650 2361 incidimus“;

159 2385 276 2435 plura
305 2384 552 2434 Marquardt,
584 2385 982 2423 Privatalterthfimer
1011 2386 1061 2433 II,
1093 2400 1130 2436 p.
1167 2387 1258 2423 387.

276 2454 369 2490 713.
416 2452 456 2490 Si
496 2453 606 2491 codd.
641 2455 859 2502 sequimur,
901 2453 1110 2503 Chrysalus
1142 2454 1353 2504 prandium
1386 2456 1532 2489 coctum
1567 2465 1649 2488 esse

160 2522 358 2568 narravit,
406 2521 511 2570 quod
541 2521 632 2558 ferri
664 2535 742 2559 non
774 2526 919 2572 potest.
979 2522 1112 2559 Herm.
1147 2522 1191 2559 R.
1227 2522 1284 2558 Fl.
1318 2518 1449 2567 „esto“
1485 2521 1649 2569 scripse-

161 2593 274 2636 runt,
323 2594 363 2626 et
399 2590 440 2626 in
480 2589 802 2627 antecedentibus
837 2587 964 2638 „dic“.
1026 2590 1127 2626 Mihi
1160 2589 1369 2637 Chrysalus
1400 2589 1649 2634 interrogare

161 2656 336 2704 videtur,
385 2657 658 2694 antecedentia
688 2661 816 2695 autem
848 2654 904 2696 Id
932 2655 1032 2695 mike?
1066 2655 1151 2694 dice
1182 2658 1265 2693 eius
1297 2668 1390 2701 esse,
1431 2667 1507 2691 non
1538 2654 1649 2691 Mne-

163 2725 313 2763 silochi.
376 2725 468 2772 Quae
507 2726 612 2774 quod
651 2725 724 2763 hoc
761 2726 899 2764 ordine
940 2726 1142 2770 dicuntur,
1185 2736 1280 2769 non,
1326 2726 1371 2759 ut
1401 2722 1511 2768 alibi,
1563 2721 1651 2769 „dic

163 2791 300 2840 mihi“,
331 2794 396 2831 vix
426 2790 510 2831 iure
542 2793 708 2831 offendit
738 2794 955 2831 Beckerum
986 2794 1027 2829 in
1058 2791 1230 2829 Studem.
1263 2789 1372 2828 Stud.
1405 2790 1441 2836 I,
1482 2804 1520 2840 p.
1558 2791 1650 2836 127,
