1897 3171
771 179 812 214 V.
844 180 1033 214 153—186.
1562 181 1641 220 389

269 310 360 348 168.
408 308 618 358 Chrysalus
649 309 887 347 Mnesilochi
925 321 1059 346 servus
1098 307 1274 345 Athenas
1313 307 1438 345 redux
1476 308 1649 358 patriam

152 377 324 427 deosque
353 378 506 428 patrios
537 377 696 423 salutat,
730 377 777 415 cf.
804 376 923 414 Stich.
951 377 1030 414 646
1057 389 1113 426 sq.
1175 375 1301 413 Simul
1332 380 1430 423 orat,
1463 380 1507 413 ut
1537 377 1646 426 prius

151 445 413 484 Pistoclerum
445 446 652 483 conveniat
683 448 732 492 et,
764 445 860 495 quid
886 444 1072 491 effecerit,
1106 445 1253 481 certior
1276 443 1357 491 fiat,
1392 458 1507 493 quam
1537 457 1649 482 suum

151 514 308 561 herum,
354 513 588 551 Nicobulum
627 513 772 551 videat.
811 533 867 537 ——
909 514 1000 551 169.
1047 512 1142 550 Post
1181 508 1394 560 Ephesum
1440 512 1570 550 hiatus
1608 514 1650 550 in

153 595 311 620 caesura.
372 581 521 620 Ritsch.
560 577 871 631 „Posteaquam“
907 582 1075 630 scripsit,
1109 580 1287 618 Muller.:
1339 580 1459 628 „Post
1489 581 1579 618 hinc
1609 582 1651 618 in

151 650 352 701 Ephesum
394 649 552 699 quam“.
628 650 934 700 Praepositio
974 653 1103 686 autem
1151 648 1256 698 quod
1296 651 1447 686 nomini
1484 651 1650 698 proprio

152 718 332 765 additur,
378 718 451 755 hoc
491 731 592 768 saepe
630 716 675 754 fit
716 717 821 767 apud
860 717 1063 764 Plautum,
1113 717 1159 755 cf.
1200 717 1302 754 infra
1342 718 1421 754 232
1463 731 1520 766 sq.
1555 718 1649 755 246.

155 787 247 824 351.
281 785 374 824 385.
405 787 497 824 589.
524 787 619 824 772.
669 785 779 824 Cure.
810 786 902 823 341.
934 787 1026 824 562.
1076 785 1194 835 Epid.
1225 786 1302 823 533
1330 799 1388 834 sq.
1436 785 1555 822 Most.
1585 786 1650 823 63.

151 854 256 892 Men.
291 855 357 892 49.
417 854 504 892 Mil.
548 855 639 892 113.
681 855 774 891 386.
835 853 978 892 Pseud.
1022 855 1141 898 1098.
1202 853 1322 891 Poen.
1358 854 1422 890 87.
1456 854 1520 890 94.
1556 855 1649 891 899.

152 923 260 961 Trin.
295 924 386 960 112.
423 923 542 960 1103.
591 921 704 968 Quod
730 935 808 959 non
833 923 1057 968 mirabitur,
1090 924 1153 960 cui
1185 921 1382 959 Ciceronis
1413 923 1454 958 in
1478 925 1651 958 mentem

154 992 265 1028 venit
296 990 346 1028 ad
376 990 460 1028 Att.
491 990 578 1036 VII,
613 991 648 1037 3,
686 991 753 1028 10:
808 991 955 1036 „Venio
989 990 1039 1028 ad
1075 988 1300 1036 ,.,Piraeea“,
1348 991 1387 1026 in
1420 1004 1496 1039 quo
1527 991 1652 1039 magis

151 1058 437 1109 vituperandus
469 1072 565 1105 sum,
600 1058 704 1108 quod
734 1059 850 1095 homo
876 1059 1076 1096 Romanus
1108 1059 1273 1095 Piraeea
1304 1059 1540 1107 scripserim,
1574 1072 1653 1096 non

152 1127 359 1165 Piraeeum
391 1146 440 1152 —
475 1129 531 1164 sic
570 1128 672 1164 enim
710 1139 842 1163 omnes
875 1128 1004 1164 nostri
1032 1127 1154 1164 locuti
1187 1130 1279 1163 sunt
1309 1146 1365 1151 —-
1397 1140 1511 1176 quam
1547 1127 1653 1177 quod

155 1192 246 1244 „in“
266 1194 507 1240 addiderim3
545 1207 623 1231 non
655 1194 756 1231 enim
787 1194 861 1232 hoc
891 1199 935 1232 ut
967 1195 1113 1244 oppido
1138 1195 1337 1244 praeposui
1363 1195 1431 1232 sed
1453 1199 1499 1232 ut
1520 1194 1650 1233 loco·‘.

152 1282 206 1289 -
256 1265 348 1302 170.
389 1260 523 1300 uicine
552 1258 718 1311 Apollo.
779 1264 860 1300 Ara
892 1267 931 1300 et
963 1264 1143 1300 columna
1174 1263 1370 1312 Apollinis
1401 1265 1530 1301 vicani
1570 1265 1652 1301 sive

150 1332 311 1382 Ἀγυιέως
343 1331 492 1369 aedibus
524 1330 709 1368 adiuncta
741 1345 823 1368 esse
856 1331 1034 1378 videtur,
1083 1331 1129 1369 cf.
1161 1332 1364 1381 Aristoph.
1399 1332 1515 1380 Vesp.
1551 1334 1649 1370 875:

146 1395 193 1437 ³.OE
231 1400 372 1437 δέσποτ’
421 1400 526 1443 ἅναξ,
572 1403 688 1449 γεῖτον
727 1400 869 1449 ἀγυιεῦ,
927 1400 1059 1448 τούμοῦ
1098 1401 1293 1449 προθύρου
1335 1401 1556 1449 προπύλαιε,
1603 1400 1651 1437 cf.

152 1468 273 1506 Merc.
315 1470 393 1506 667
436 1472 474 1505 et
513 1468 590 1506 669
634 1472 674 1505 et
713 1473 845 1506 annot.
885 1468 935 1505 ad
965 1468 1099 1506 Aulul.
1135 1470 1227 1506 598.
1260 1488 1315 1493 --
1350 1470 1441 1506 171.
1493 1478 1651 1515 uenero,

153 1538 179 1574 i.
213 1551 245 1575 e.
278 1549 367 1582 oro,
416 1536 462 1574 cf.
494 1537 583 1574 Aul.
618 1537 654 1574 8.
714 1537 855 1574 Activa
892 1537 1019 1574 forma
1058 1540 1166 1574 extat
1204 1538 1323 1574 etiam
1364 1537 1522 1574 Trucul.
1557 1537 1651 1574 473.

153 1625 210 1630 -—-
244 1605 336 1642 174.
370 1615 487 1654 quem
526 1601 598 1651 (cd,
641 1605 900 1655 anastrophe,
945 1605 990 1643 cf.
1025 1605 1074 1642 ad
1105 1605 1249 1654 Amph.
1285 1605 1377 1642 234.
1438 1604 1569 1642 Vidul.
1602 1605 1651 1642 fr.

153 1673 204 1720 II,
240 1674 310 1711 35:
347 1672 496 1721 „Quam
529 1672 578 1709 ad
602 1672 848 1711 redditurum
873 1678 912 1710 te
938 1673 1035 1710 mihi
1062 1673 1160 1710 dicis
1185 1671 1329 1709 diem“.
1378 1673 1466 1710 Ter.
1493 1673 1650 1710 Phorm.

158 1742 258 1779 524:
319 1740 445 1788 „dies,
487 1754 604 1791 quam
637 1741 686 1778 ad
719 1741 833 1778 dares
865 1742 977 1788 huic,
1017 1739 1297 1791 praestituta'⁴.
1359 1740 1438 1777 Nec
1470 1740 1651 1790 impedit,

156 1809 262 1860 quod
293 1810 472 1858 sequitur
503 1809 603 1846 alter
634 1811 896 1856 accusativus,
939 1809 984 1847 cf.
1017 1809 1175 1847 Lucret.
1207 1809 1280 1855 IV,
1324 1810 1423 1846 804:
1475 1809 1585 1855 „Nisi
1619 1810 1653 1846 si

157 1890 242 1928 quae
275 1877 324 1914 ad
355 1890 395 1914 se
426 1878 511 1926 ipse
541 1876 738 1926 peu-aviri
798 1878 928 1915 Plaut.
963 1877 1072 1916 Cure.
1106 1879 1200 1915 466.

273 1945 364 1984 176.
404 1945 642 1983 Pistoclerus
675 1959 721 1982 ex
753 1946 904 1983 aedibus
937 1946 1141 1984 Bacchidis
1174 1947 1305 1982 exiens
1338 1947 1525 1991 amicam,
1567 1958 1653 1994 quae

154 2016 264 2052 intus
297 2017 377 2060 est,
412 2013 642 2063 alloquitur.
705 2024 907 2063 qliae-sere,
940 2014 1020 2053 vid.
1054 2015 1104 2052 ad
1134 2014 1278 2063 Amph.
1317 2015 1436 2052 1037.
1470 2034 1523 2038 --
1560 2015 1651 2050 178.

156 2079 369 2128 uadatum,
403 2083 515 2131 quasi
538 2082 707 2119 vadibus
732 2083 836 2119 datis
861 2082 1090 2132 obligatum,
1123 2086 1169 2120 ut
1188 2082 1324 2128 adsim,
1359 2083 1406 2120 cf.
1425 2082 1536 2120 Curc.
1560 2084 1651 2120 162.

273 2151 364 2188 181.
419 2145 635 2198 Compendi
679 2147 853 2198 faciam,
900 2151 978 2188 vid.
1021 2151 1070 2188 ad
1114 2152 1225 2189 Asin.
1272 2152 1364 2190 305.
1441 2151 1654 2200 Chrysalus

156 2218 405 2269 properandi
432 2218 598 2268 cupidus
620 2220 763 2256 vernili
793 2219 953 2256 licentia
985 2233 1030 2256 ea
1062 2225 1238 2269 occupat,
1279 2233 1364 2269 quae
1396 2220 1654 2257 Pistoclerum

156 2286 356 2324 dicturum
397 2299 480 2323 esse
519 2290 665 2335 sperat.
706 2307 762 2312 —-
811 2289 902 2325 183.
950 2284 1196 2337 Hospitium
1229 2318 1236 2325 .
1268 2318 1276 2325 .
1306 2318 1313 2325 .
1338 2285 1556 2336 pollicere,
1604 2286 1651 2324 cf.

156 2355 206 2392 ad
238 2356 303 2393 92.
338 2374 392 2379 —-
426 2355 518 2392 184.
553 2350 731 2404 Pereyre
762 2353 1014 2404 (aduenienti,
1047 2356 1161 2394 affert
1191 2356 1391 2394 Charisius
1423 2370 1460 2405 p.
1497 2356 1576 2392 219.
1602 2355 1651 2392 Κ.

155 2443 212 2449 —-
245 2423 336 2461 185.
371 2419 419 2460 αἶ)
450 2419 598 2460 sodali.
645 2423 835 2472 Neglecta
865 2427 1011 2474 positio
1035 2427 1092 2462 ita
1118 2425 1385 2462 Hermannum
1412 2429 1449 2461 et
1473 2423 1653 2461 Ritsche-

154 2492 250 2528 lium
291 2490 473 2536 offendit,
519 2494 564 2527 ut
599 2491 791 2537 „sodalis‘·'
827 2494 1054 2531 scriberent.
1102 2514 1158 2519 —
1207 2495 1299 2530 186.
1347 2489 1416 2530 ubi
1446 2490 1515 2530 sit.
1578 2491 1651 2529 Re-

155 2559 374 2609 spondetur
412 2554 547 2605 Uinii,
594 2563 638 2596 ut
674 2560 777 2598 infra
809 2563 902 2598 243.
978 2562 1157 2612 Apparet
1198 2561 1355 2598 solitam
1395 2560 1495 2597 hanc
1533 2561 1652 2596 inter-

156 2628 322 2678 rogandi
353 2631 392 2664 et
420 2627 686 2677 respondendi
715 2628 924 2666 formulam
956 2643 1052 2668 esse.
1108 2629 1257 2667 Ominis
1291 2641 1405 2665 causa
1436 2641 1515 2666 non
1547 2641 1653 2677 quae-

155 2697 276 2733 ritur:
324 2695 458 2743 „Inter
488 2697 598 2734 vivos
630 2700 689 2733 est
720 2710 768 2733 an
799 2695 1034 2735 ιιιοΓῒωιεῬιι
1070 2697 1158 2734 sed:
1205 2696 1396 2742 „Ubinam
1430 2693 1540 2733 est‘?‘''
1577 2695 1652 2733 Re-

156 2764 354 2814 spondens
386 2769 533 2811 autem,
575 2764 671 2814 quid
700 2766 950 2814 potissimum
982 2764 1246 2813 significetur,
1287 2764 1403 2801 facile
1443 2764 1650 2814 intelligit3
