1897 3171
255 191 335 231 462
923 187 1078 232 Captiui.

256 318 385 354 allatis
431 317 519 354 add.
553 317 659 354 Pers.
695 318 789 354 251.
830 316 943 364 748).
1020 317 1132 364 Quod
1170 330 1288 366 quum
1334 321 1438 354 recte
1482 318 1744 355 intellexisset

254 386 459 423 Dombart.
480 399 541 435 ap.
560 385 681 431 Brix.,
714 386 829 422 nimis
861 389 1042 423 contorta
1067 386 1315 422 enarratione
1344 384 1564 431 „accedito“
1593 389 1741 424 tuetur.

252 475 308 480 —-
337 453 382 491 V.
420 455 465 490 11
500 465 681 490 numeros
711 466 789 489 non
820 453 968 502 explet3
1014 467 1085 490 nos
1129 453 1210 499 „Tu
1241 451 1362 491 uero“
1399 453 1642 501 addidimus,
1676 455 1741 492 alii

255 523 381 559 aliter.
450 521 626 558 Lindem.
672 520 823 570 „Negat
862 521 991 558 hercle
1036 519 1157 558 illic“.
1218 521 1369 559 Ritsch.
1414 521 1566 570 „Negat
1610 523 1744 560 hercle

252 588 389 628 uero“.
438 588 562 638 Gepp.
586 589 740 637 „Negat
763 589 953 626 mehercle
978 586 1099 626 illic“.
1147 588 1329 638 Spengel.
1352 589 1547 637 „Negauit
1569 588 1741 629 hercle“.

263 679 310 684 —
356 659 418 695 13.
466 654 750 695 mendicarier.
811 656 1081 706 Deponentem
1112 657 1279 694 formam
1311 657 1413 694 Non.
1445 670 1482 706 p.
1520 658 1596 695 138
1630 658 1745 696 affert

254 741 300 763 ex
330 725 556 762 Vidularia:
611 724 770 771 „Malim
802 726 937 762 moriri
968 738 1075 762 meos
1108 738 1224 773 quam
1255 723 1558 763 mendicarier“.
1593 746 1641 751 ——-
1679 728 1741 764 14.

254 805 317 833 me
347 804 429 831 non
460 793 658 841 rupturus
678 790 792 839 sum,
827 793 873 829 cf.
900 792 978 830 Cic.
1011 793 1059 830 ad
1090 792 1197 830 Fam.
1222 792 1307 839 VII,
1345 794 1378 839 1,
1413 793 1456 830 4:
1493 793 1650 843 „dirupi
1682 808 1742 831 me

253 876 378 913 paene
410 864 449 898 in
481 861 627 899 iudicio
660 860 766 898 Galli
798 859 994 898 Caninii“.
1076 860 1172 898 Hor.
1205 860 1277 910 Ep.
1310 861 1340 908 I,
1377 862 1439 907 19,
1476 863 1547 899 15:
1598 862 1744 911 „Rupit

252 930 445 968 Iarbitam
479 930 705 977 Timagenis
737 929 876 965 aemula
906 929 1082 977 lingua‘·.
1130 928 1258 966 Plaut.
1286 927 1413 966 Casin.
1442 930 1548 966 758:
1586 929 1743 979 „dirupi

252 1012 310 1035 me
343 997 537 1035 cantando
569 995 754 1046 hymen“.
815 997 936 1035 Merc.
974 998 1071 1034 137:
1123 996 1232 1043 „Tua
1270 1009 1385 1034 causa-
1415 997 1505 1045 rupi
1535 995 1742 1034 ramices“.

250 1067 371 1104 Poen.
408 1068 499 1103 543.
541 1084 596 1090 -—
645 1066 707 1103 15.
756 1075 829 1114 ΟΡΘ
867 1078 940 1102 sua
986 1063 1028 1112 (i.
1061 1079 1092 1102 e.
1125 1065 1204 1102 suis
1243 1064 1404 1114 opibus,
1451 1078 1521 1101 sua
1560 1062 1741 1114 pecunia)

252 1132 411 1173 cens-eff
442 1134 658 1183 locupletes
689 1133 892 1180 dicunt-ur,
935 1135 1001 1183 qui
1033 1134 1072 1170 in
1103 1133 1262 1170 theatro
1295 1133 1504 1179 sedebant,
1539 1137 1744 1170 senatores

250 1205 289 1240 in
323 1202 535 1248 orchestra,
570 1203 723 1251 equites
756 1204 954 1250 ceterique
986 1203 1026 1238 in
1056 1202 1242 1251 gradibus
1273 1204 1365 1250 post
1394 1201 1634 1238 orchestram
1660 1214 1743 1238 sur-

252 1271 448 1319 gentibus,
482 1270 537 1306 ibi
570 1283 726 1319 quoque
751 1283 830 1307 non
855 1270 961 1307 nulla
987 1270 1191 1319 dignitatis
1215 1272 1369 1307 ratione
1393 1269 1539 1315 habita,
1571 1269 1745 1319 locisque

250 1353 322 1390 per
352 1339 636 1387 dissignatores
677 1338 900 1385 attributis,
947 1351 983 1376 v,
1015 1338 1134 1376 Poen.
1171 1339 1233 1375 19.
1307 1336 1447 1374 Infima
1477 1337 1609 1387 plebs,
1657 1351 1744 1387 quae

252 1409 379 1458 capite
411 1407 493 1444 solo
526 1406 777 1453 censebatur,
825 1409 865 1444 in
896 1406 1046 1444 ultimis
1076 1407 1223 1443 theatri
1254 1406 1350 1443 locis
1382 1406 1465 1442 fere
1497 1410 1603 1443 stans
1635 1420 1744 1456 spec-

250 1476 374 1514 tabat.
417 1496 469 1499 —
515 1476 576 1513 16.
620 1471 819 1513 ‘relicuum
850 1488 885 1512 v,
918 1474 966 1511 ad
998 1475 1106 1512 Asin.
1141 1476 1234 1512 231.
1310 1474 1436 1511 Lusus
1477 1487 1523 1510 ex
1562 1473 1743 1523 ambiguo

252 1545 362 1594 quasi
386 1557 462 1580 non
494 1543 541 1579 de
573 1543 727 1592 reliqua
760 1543 979 1592 argumenti
1002 1546 1128 1592 parte,
1162 1542 1228 1579 sed
1258 1543 1304 1579 de
1328 1542 1485 1579 residuo
1512 1542 1598 1578 aeris
1625 1542 1744 1579 alieni

250 1612 423 1649 nondum
456 1612 585 1649 soluto
625 1624 751 1647 sermo
792 1615 912 1658 esset,
961 1625 1040 1661 qua
1080 1609 1369 1658 significatione
1406 1608 1604 1658 .,re1iqua“
1642 1622 1745 1659 saepe

251 1680 436 1717 (licuntur
478 1679 582 1728 apud
623 1678 861 1717 Ciceronem.
923 1679 978 1717 Cf.
1013 1679 1106 1716 Cist.
1144 1680 1220 1716 185
1254 1692 1310 1728 sq.
1348 1678 1483 1725 „Nunc
1515 1678 1620 1727 quod
1652 1677 1743 1715 reli-

251 1762 364 1786 cuum
403 1751 528 1785 restat
564 1747 657 1784 uolo
696 1748 941 1796 persoluere,
988 1752 1033 1784 ut
1073 1751 1319 1797 expungatur
1356 1759 1519 1792 nomen,
1567 1759 1615 1783 ne
1649 1745 1743 1795 quid

251 1817 453 1854 debeans‘.

368 1886 429 1922 17.
463 1881 663 1931 dixeram,
696 1897 730 1921 v,
764 1883 812 1920 ad
841 1884 982 1934 Amph.
1019 1885 1110 1921 379.
1139 1903 1194 1908 —
1227 1885 1291 1921 20.
1327 1879 1593 1930 Peczcliarem,
1626 1897 1663 1920 v.
1697 1882 1745 1920 ad

249 1954 358 1990 Asin.
395 1952 486 1990 536.
521 1948 624 1989 infra
657 1953 749 1989 977.
786 1953 878 1989 983.
947 1952 1141 2002 Ulpianus
1183 1953 1223 1988 in
1253 1951 1403 2000 Digest.
1435 1951 1518 1998 XV,
1556 1952 1589 1998 1,
1625 1953 1660 1997 7,
1697 1951 1740 1988 3:

254 2020 474 2069 „Pupillum
507 2023 637 2056 autem
662 2022 741 2056 tam
768 2018 889 2056 filium
918 2034 1037 2070 quam
1062 2033 1213 2057 servum
1240 2019 1436 2069 peculium
1461 2019 1605 2056 habere
1629 2032 1743 2069 posse

248 2089 394 2126 Pedius
424 2088 527 2124 libro
558 2087 630 2124 XV
661 2087 816 2134 scribit,
865 2102 984 2137 quum
1016 2088 1108 2134 hoc,
1156 2089 1305 2136 inquit,
1348 2091 1477 2124 totum
1518 2101 1563 2123 ex
1595 2087 1744 2124 domini

250 2156 533 2194 constitutione
564 2154 779 2204 pendeat“.
812 2176 867 2180 —
899 2153 1029 2204 (suasi,
1063 2157 1154 2194 fere.
1212 2156 1319 2192 Brix.
1353 2156 1452 2192 conf.
1485 2155 1606 2192 Most.
1642 2156 1740 2192 613:

254 2225 391 2274 „quasi
424 2223 686 2273 quadraginta
716 2224 882 2261 minas“.
930 2225 1016 2262 Ter.
1044 2224 1187 2262 Heaut.
1216 2225 1306 2261 145.
1330 2243 1385 2248 —
1419 2224 1467 2260 21
1502 2236 1559 2272 sq.
1591 2219 1742 2260 Enim-

252 2303 346 2330 uero
378 2292 470 2330 oliin
495 2290 755 2328 emendatum.
808 2291 1154 2339 „Digressiuncula
1178 2290 1433 2329 brevissima“
1461 2292 1591 2339 inquit
1607 2290 1743 2328 Lamb.

252 2374 354 2410 „qua
395 2358 590 2408 significat
628 2359 803 2396 homines
841 2359 916 2396 huc
953 2360 1046 2397 illuc
1084 2362 1224 2397 iactari
1262 2359 1426 2396 arbitrio
1467 2359 1628 2395 deorum
1659 2363 1742 2395 tan-

249 2443 365 2479 quam
404 2426 544 2477 pilas“.
627 2426 774 2463 Abesse
820 2430 997 2475 potuisse
1043 2428 1141 2465 hanc
1183 2427 1536 2476 digressiunculam
1575 2426 1744 2463 libenter

249 2497 514 2542 concesserim,
548 2495 616 2532 sed
639 2500 729 2545 post
753 2508 788 2532 v.
813 2496 863 2532 34
882 2497 1077 2544 aptiorem
1103 2509 1186 2533 esse
1206 2496 1421 2546 Geppertio
1448 2499 1486 2531 et
1504 2495 1638 2532 Brixio
1663 2507 1742 2531 non

249 2565 516 2610 concesserim,
550 2564 769 2613 praesertim
795 2576 913 2612 quum
940 2564 1144 2600 immutata
1167 2564 1260 2601 illuc
1278 2564 1485 2601 transferri
1510 2576 1589 2599 non
1605 2563 1741 2611 possit.

249 2632 373 2682 Gepp.
408 2632 567 2681 quidem
597 2644 669 2680 pro
703 2627 787 2668 Hic
816 2632 949 2680 posuit
986 2628 1123 2678 „Sie“;
1156 2631 1312 2668 Brixius
1343 2634 1475 2668 autem
1505 2632 1580 2667 toti
1611 2631 1743 2667 versui

250 2702 298 2738 21
327 2713 482 2737 versum
513 2701 562 2737 50
587 2699 809 2747 substituit,
841 2703 1025 2736 neutrum
1057 2699 1223 2736 subiecti
1246 2700 1414 2736 mutatio
1440 2698 1618 2735 ostendit.
1679 2698 1742 2735 Ad

246 2781 328 2805 rem
353 2771 483 2805 autem
509 2767 574 2805 Br.
605 2767 718 2805 affert
734 2767 911 2805 Graecum
936 2767 1209 2816 proverbium:
1242 2769 1340 2802 θεῶν
1365 2768 1515 2815 παίγνια
1540 2766 1741 2815 ἂνθρωποι.
