1897 3171
262 206 343 244 452
900 200 1114 235 Bacchides.

265 330 386 368 1200.
418 308 561 368 censes
590 339 751 367 sumere
783 329 915 376 codd.;
955 329 1001 367 R.
1034 329 1093 367 Fl.
1132 343 1308 375 „sumere
1340 328 1513 367 censes“.
1541 349 1596 355 -—-
1631 331 1750 368 1201.

272 394 330 437 Ut
361 394 564 436 terebrat!
612 397 720 444 „Quo
751 402 868 447 pacto
899 397 996 434 mihi
1028 399 1200 434 animum
1230 397 1385 434 blandis
1416 399 1496 435 suis
1528 398 1643 436 dictis
1666 412 1752 448 per-

260 466 360 503 fodit
390 470 428 503 et
458 464 680 515 perforat!“
743 467 850 504 Pers.
885 466 985 503 238:
1032 465 1254 514 Numquam
1292 465 1423 502 hercle
1462 468 1560 503 istuc
1602 472 1752 505 extere-

260 534 393 571 brabis
423 538 479 580 tu,
512 538 555 571 ut
587 535 639 571 sis
669 535 784 583 peior
815 547 930 583 quam
962 545 1033 581 ego
1065 531 1200 570 siem“.
1226 553 1281 558 —
1307 528 1441 579 Satin,
1474 546 1615 582 nonne,
1649 549 1683 573 v.
1703 536 1752 573 ad

259 602 404 652 Amph.
438 603 531 639 627.
570 621 626 627 —-
667 602 771 639 1202
812 601 1000 638 iambicus
1040 600 1206 638 dimeter
1245 601 1497 638 catalecticus
1537 605 1752 652 septenari-

262 683 374 708 orum
419 672 559 707 seriem
606 669 801 707 claudens,
886 668 1034 706 Ritsch.
1081 669 1230 706 adscita
1282 670 1415 718 priore
1460 675 1574 718 parte
1621 684 1753 708 versus

265 740 370 776 1196
403 739 673 787 septenarium
703 738 815 774 facit:
867 737 1003 783 „Quod
1035 737 1129 774 mihi
1161 741 1257 783 erat,
1290 750 1391 775 nunc
1423 737 1463 774 id
1494 751 1556 774 me
1588 738 1752 776 exorat?

260 806 340 843 BA.
399 806 452 843 Te
509 805 650 843 amabo
697 810 736 843 et
782 810 821 842 te
868 802 1162 854 amplexabor“.
1246 804 1322 842 Sed
1367 806 1584 843 rectissime
1630 809 1752 844 conti-

261 879 408 912 nuatur
462 874 647 912 Nicobuli
701 875 849 920 oratio,
906 874 972 922 qui
1018 879 1054 910 et
1100 872 1180 910 haec
1227 878 1265 910 et
1312 875 1493 923 proxima
1537 873 1754 912 Philoxeno

262 942 369 980 dicit.
410 962 466 967 —
509 943 612 980 1203
647 946 684 978 et
716 943 760 988 4,
794 942 1010 990 septenarii
1041 953 1154 990 anap.
1191 961 1236 965 —
1279 940 1485 978 Bacchidis
1524 955 1754 991 responsum

262 1014 491 1059 corruptum
523 1015 593 1047 est.
656 1009 904 1047 Camerarius
936 1010 1154 1059 principem
1185 1014 1361 1045 secutus:
1399 1008 1627 1059 ..Nusquam
1657 1014 1702 1048 tu
1733 1025 1755 1048 a

261 1092 321 1116 me
358 1083 396 1116 te
442 1075 630 1116 auelles“.
706 1077 985 1115 Schueiderum
1032 1078 1154 1114 secuti
1193 1076 1324 1114 Herm.
1364 1076 1410 1114 R.
1451 1077 1530 1115 FL:
1585 1078 1664 1125 „Ne
1703 1081 1754 1117 tis

262 1160 379 1196 quam
417 1159 502 1183 mea
542 1144 789 1193 mauellem“,
829 1148 854 1183 i.
888 1159 933 1192 e.,
977 1147 1160 1195 quoniam
1195 1147 1294 1191 „tis”
1328 1158 1402 1194 pro
1439 1145 1544 1191 „tui’''
1580 1148 1753 1196 ponitur,

266 1215 338 1261 ,jue
376 1219 445 1251 tua
483 1228 600 1263 quam
639 1227 725 1251 mea
767 1227 887 1263 opera
928 1218 968 1250 te
1000 1213 1282 1263 improbiorem
1314 1213 1460 1250 factum
1494 1228 1575 1251 esse
1608 1216 1754 1253 mauel-

261 1278 378 1320 lem‘'.
441 1282 533 1328 Quae
566 1296 643 1332 quo
677 1284 881 1319 sententiae
912 1281 1069 1319 vinculo
1103 1295 1189 1318 cum
1221 1282 1358 1318 ceteris
1391 1282 1626 1330 iungantur,
1674 1297 1753 1321 non

261 1350 388 1388 video.
451 1350 646 1399 Equidem
677 1363 748 1399 pro
785 1352 865 1397 „is”
902 1351 1041 1400 scripsi
1073 1347 1173 1387 eius.
1241 1349 1404 1386 Bacchis
1443 1351 1496 1386 ait
1528 1363 1567 1387 se
1599 1351 1755 1399 quidem

261 1432 390 1456 senem
435 1431 684 1468 corrumpere
722 1418 916 1464 uoluisse,
964 1419 996 1455 si
1037 1417 1253 1466 improbior
1293 1418 1418 1454 factus
1456 1418 1523 1464 sit,
1570 1419 1685 1456 malle
1716 1433 1756 1457 se

262 1487 472 1524 Philoxeni
519 1500 634 1536 quam
680 1500 749 1523 sua
795 1486 910 1536 culpa
956 1486 1103 1523 factum
1143 1498 1238 1522 esse.
1279 1505 1334 1509 —
1376 1486 1496 1523 1204.
1547 1486 1756 1533 „Mutilum

262 1553 440 1592 versum“
483 1555 539 1592 ait
570 1554 615 1592 R.
661 1554 791 1600 „velut
834 1555 887 1591 sic
926 1553 1197 1603 redintegrare
1237 1553 1349 1590 licet:
1397 1552 1508 1591 Satin
1547 1567 1618 1602 ego
1656 1556 1755 1593 istuc

261 1623 387 1660 habeo
420 1622 678 1668 offirmatum,
718 1627 761 1660 ut
800 1622 878 1659 illis
918 1623 1039 1659 iratus
1079 1635 1125 1658 ne
1158 1620 1233 1658 siff*
1270 1622 1571 1671 proximumque
1603 1636 1756 1661 versum

263 1705 285 1728 a
321 1689 479 1737 „Quod“
515 1691 666 1740 incipit.
734 1690 819 1738 Ego
858 1691 933 1727 loci
965 1691 1199 1727 sententiam
1233 1702 1319 1726 eum
1350 1691 1595 1739 perspexisse
1627 1691 1755 1737 credo.

263 1759 330 1797 sed
361 1760 552 1805 lacunam,
586 1772 704 1807 quam
735 1759 766 1795 Β
797 1759 837 1795 in
869 1759 995 1796 medio
1028 1771 1145 1795 versu
1176 1756 1306 1803 habet,
1339 1757 1471 1794 verbis
1504 1756 1615 1807 quod
1645 1756 1758 1797 dhet?

262 1828 464 1877 supplevi,
508 1841 559 1864 sc.
592 1840 652 1863 me
685 1840 866 1864 exorasse
898 1815 950 1872 te,
989 1831 1033 1862 ut
1074 1825 1156 1862 filio
1197 1830 1234 1861 et
1275 1838 1388 1862 servo
1428 1827 1580 1863 veniam
1624 1826 1752 1865 dares.

262 1915 317 1920 -—
360 1897 464 1933 1205
507 1897 679 1945 quinque
721 1895 930 1944 anapaesti,
979 1894 1040 1931 vel
1078 1895 1209 1943 potius
1252 1892 1415 1930 dimeter
1455 1907 1539 1931 cum
1582 1895 1757 1932 clausula

262 1966 381 2000 trium
412 1963 591 2000 brevium
624 1962 874 2011 syllabarum.
898 1981 952 1986 -—
981 1962 1085 1999 1206
1119 1962 1377 2010 septenarius.
1430 1958 1562 2011 Quam
1593 1960 1756 2012 quidem

263 2030 444 2069 actutum
477 2028 734 2069 emoriantur.
796 2031 945 2067 Iniuria
970 2030 1015 2067 R.
1047 2034 1083 2066 et
1108 2028 1166 2066 Fl.
1192 2030 1466 2079 interrogandi
1499 2033 1654 2078 signum
1686 2044 1756 2080 po-

265 2103 439 2136 suerunt.
515 2098 635 2145 Sane,
683 2100 809 2148 inquit
840 2098 1076 2144 Nicobulus,
1125 2110 1193 2134 nos
1227 2102 1456 2147 expectant,
1504 2111 1638 2135 verum
1679 2112 1757 2136 non

264 2167 510 2213 societatem,
550 2166 621 2203 sed
651 2172 817 2204 mortem
848 2173 1023 2204 nostram
1056 2165 1295 2203 desiderant.
1355 2166 1558 2203 Acidalius
1589 2167 1757 2204 contulit

263 2234 379 2272 Most.
400 2235 499 2272 228:
538 2234 722 2280 „Utinam
746 2248 853 2271 meus
878 2248 978 2271 nunc
1005 2240 1183 2272 mortuus
1206 2241 1322 2284 pater
1347 2234 1397 2271 ad
1421 2248 1480 2271 me
1505 2236 1753 2272 nuntietur!''

263 2322 319 2327 ——
354 2303 457 2340 1207
492 2304 737 2352 septenarius
768 2316 903 2352 anap.,
947 2316 1061 2352 quem
1103 2301 1281 2339 defendit
1312 2302 1469 2339 Muller.
1502 2302 1559 2340 Pl.
1593 2302 1756 2340 Prosod.

263 2384 302 2421 p.
349 2371 424 2408 119
469 2375 506 2407 et
539 2372 632 2417 416,
672 2373 730 2408 ita
778 2375 821 2407 ut
860 2367 1081 2419 sequimini
1121 2369 1298 2407 ultimam
1345 2371 1541 2420 corripere
1589 2374 1756 2408 censeat.

264 2438 310 2476 R.
344 2438 567 2475 Hermanno
600 2438 697 2476 duce
734 2435 835 2485 „ite“
872 2452 918 2475 ex
948 2439 1130 2488 proximo
1171 2451 1286 2475 versu
1327 2437 1492 2475 adscivit
1523 2442 1561 2475 et
1591 2439 1645 2476 sic
1677 2438 1757 2476 ed.:

268 2506 374 2554 „Iam
405 2520 549 2557 uesper
579 2506 641 2543 hic
673 2511 750 2544 est:
787 2507 855 2552 ite,
889 2506 1107 2555 sequimini.
1168 2505 1250 2543 PH.
1282 2505 1423 2543 Ducite
1455 2518 1524 2543 nos
1555 2510 1755 2556 tamquam

266 2573 485 2612 addictos“.
557 2570 714 2624 Vesper
744 2571 807 2612 hic·
837 2574 909 2620 est,
944 2573 990 2611 cf.
1016 2573 1158 2623 Amph.
1188 2575 1286 2612 539:
1325 2574 1512 2620 „lucescit
1542 2574 1615 2611 hoc
1639 2572 1756 2611 iam“.

265 2640 533 2689 —aclclict08,
566 2648 610 2679 ut
634 2656 732 2692 quos
756 2647 914 2692 praetor,
945 2642 1036 2690 quia
1060 2654 1109 2678 aes
1136 2642 1307 2679 alienum
1337 2642 1504 2679 reddere
1534 2655 1614 2679 non
1644 2650 1759 2691 potu-

268 2715 399 2757 erunt,
433 2710 692 2748 creditoribus
723 2710 886 2748 addixit.
920 2729 975 2734 —
1019 2710 1124 2747 1208
1157 2711 1250 2745 item
1283 2710 1543 2759 septenarius.
1603 2705 1690 2757 filis·
1714 2708 1757 2756 B,

267 2785 306 2816 et,
337 2780 391 2816 sic
421 2778 770 2828 pronuntiandum.
831 2776 887 2816 ite
917 2781 1023 2814 recte
1056 2778 1272 2814 omiserunt
1303 2777 1390 2814 edd.
