<?xml version="1.0" encoding="UTF-8"?>
<!DOCTYPE html PUBLIC "-//W3C//DTD XHTML 1.0 Transitional//EN"
    "http://www.w3.org/TR/xhtml1/DTD/xhtml1-transitional.dtd">
<html xmlns="http://www.w3.org/1999/xhtml" xml:lang="en" lang="en">
 <head>
  <title>
</title>
<meta http-equiv="Content-Type" content="text/html;charset=utf-8" />
  <meta name='ocr-system' content='tesseract 3.04.00' />
  <meta name='ocr-capabilities' content='ocr_page ocr_carea ocr_par ocr_line ocrx_word'/>
</head>
<body>
  <div class='ocr_page' id='page_1' title='image "./comoediaerecensu02plauuoft_0269.png"; bbox 0 0 1897 3171; ppageno 0'>
   <div class='ocr_carea' id='block_1_1' title="bbox 168 177 1654 224">
    <p class='ocr_par' dir='ltr' id='par_1_1' title="bbox 168 177 1654 224">
     <span class='ocr_line' id='line_1_1' title="bbox 168 177 1654 224; baseline -0.001 -11"><span class='ocrx_word' id='word_1_1' title='bbox 168 178 230 222; x_wconf 92' lang='lat' dir='ltr'>IV,</span> <span class='ocrx_word' id='word_1_2' title='bbox 244 179 276 222; x_wconf 81' lang='lat'>2,</span> <span class='ocrx_word' id='word_1_3' title='bbox 293 179 413 221; x_wconf 86' lang='lat'><strong>36—3‚</strong></span> <span class='ocrx_word' id='word_1_4' title='bbox 428 179 447 212; x_wconf 80' lang='lat'>2</span> <span class='ocrx_word' id='word_1_5' title='bbox 828 177 1006 213; x_wconf 86' lang='lat' dir='ltr'>Curculio.</span> <span class='ocrx_word' id='word_1_6' title='bbox 1575 184 1654 224; x_wconf 72' lang='lat'>249</span> 
     </span>
    </p>
   </div>
   <div class='ocr_carea' id='block_1_2' title="bbox 165 303 1654 821">
    <p class='ocr_par' dir='ltr' id='par_1_2' title="bbox 165 303 1654 821">
     <span class='ocr_line' id='line_1_2' title="bbox 844 303 976 357; baseline 0.008 -13"><span class='ocrx_word' id='word_1_7' title='bbox 844 303 976 357; x_wconf 76' lang='lat' dir='ltr'>Lyco</span> 
     </span>
     <span class='ocr_line' id='line_1_3' title="bbox 166 376 1161 429; baseline -0.003 -10"><span class='ocrx_word' id='word_1_8' title='bbox 166 376 405 429; x_wconf 86' lang='lat' dir='ltr'>Summane,</span> <span class='ocrx_word' id='word_1_9' title='bbox 436 391 536 418; x_wconf 90' lang='lat' dir='ltr'>num</span> <span class='ocrx_word' id='word_1_10' title='bbox 570 376 671 429; x_wconf 87' lang='lat' dir='ltr'>quid</span> <span class='ocrx_word' id='word_1_11' title='bbox 703 390 815 418; x_wconf 88' lang='lat' dir='ltr'>nunc</span> <span class='ocrx_word' id='word_1_12' title='bbox 847 377 933 417; x_wconf 90' lang='lat' dir='ltr'>iam</span> <span class='ocrx_word' id='word_1_13' title='bbox 964 390 1030 418; x_wconf 86' lang='lat' dir='ltr'>me</span> <span class='ocrx_word' id='word_1_14' title='bbox 1062 376 1161 418; x_wconf 75' lang='lat' dir='ltr'>uis?</span> 
     </span>
     <span class='ocr_line' id='line_1_4' title="bbox 789 462 1040 505; baseline -0.004 0"><span class='ocrx_word' id='word_1_15' title='bbox 789 462 1040 505; x_wconf 86' lang='lat' dir='ltr'>Curculio</span> 
     </span>
     <span class='ocr_line' id='line_1_5' title="bbox 1221 534 1654 590; baseline 0.012 -14"><span class='ocrx_word' id='word_1_16' title='bbox 1221 534 1328 577; x_wconf 86' lang='lat' dir='ltr'>Uale</span> <span class='ocrx_word' id='word_1_17' title='bbox 1361 544 1491 590; x_wconf 81' lang='lat' dir='ltr'>atque</span> <span class='ocrx_word' id='word_1_18' title='bbox 1524 539 1654 581; x_wconf 84' lang='lat' dir='ltr'>salue.</span> 
     </span>
     <span class='ocr_line' id='line_1_6' title="bbox 165 606 1475 662; baseline 0.002 -14"><span class='ocrx_word' id='word_1_19' title='bbox 165 607 276 649; x_wconf 89' lang='lat' dir='ltr'>Nam</span> <span class='ocrx_word' id='word_1_20' title='bbox 308 611 349 649; x_wconf 84' lang='lat' dir='ltr'>et</span> <span class='ocrx_word' id='word_1_21' title='bbox 381 621 554 661; x_wconf 82' lang='lat' dir='ltr'>operam</span> <span class='ocrx_word' id='word_1_22' title='bbox 587 608 644 648; x_wconf 66' lang='lat' dir='ltr'>mi</span> <span class='ocrx_word' id='word_1_23' title='bbox 675 613 716 650; x_wconf 84' lang='lat' dir='ltr'>et</span> <span class='ocrx_word' id='word_1_24' title='bbox 748 607 974 662; x_wconf 85' lang='lat' dir='ltr'>pecuniam</span> <span class='ocrx_word' id='word_1_25' title='bbox 1004 606 1187 660; x_wconf 86' lang='lat' dir='ltr'>benigne</span> <span class='ocrx_word' id='word_1_26' title='bbox 1222 607 1475 661; x_wconf 79' lang='lat' dir='ltr'><strong>praebuisti.</strong></span> 
     </span>
     <span class='ocr_line' id='line_1_7' title="bbox 847 695 984 749; baseline 0 -13"><span class='ocrx_word' id='word_1_27' title='bbox 847 695 984 749; x_wconf 75' lang='lat' dir='ltr'>Lyco</span> 
     </span>
     <span class='ocr_line' id='line_1_8' title="bbox 165 765 960 821; baseline 0.001 -14"><span class='ocrx_word' id='word_1_28' title='bbox 165 765 356 808; x_wconf 79' lang='lat' dir='ltr'>Salutem</span> <span class='ocrx_word' id='word_1_29' title='bbox 388 765 570 808; x_wconf 87' lang='lat' dir='ltr'>multam</span> <span class='ocrx_word' id='word_1_30' title='bbox 601 766 731 808; x_wconf 81' lang='lat' dir='ltr'>dicito</span> <span class='ocrx_word' id='word_1_31' title='bbox 766 771 960 821; x_wconf 88' lang='lat' dir='ltr'>patrono.</span> 
     </span>
    </p>
   </div>
   <div class='ocr_carea' id='block_1_3' title="bbox 788 853 1268 967">
    <p class='ocr_par' dir='ltr' id='par_1_3' title="bbox 788 853 1268 967">
     <span class='ocr_line' id='line_1_9' title="bbox 788 853 1040 895; baseline -0.008 0"><span class='ocrx_word' id='word_1_32' title='bbox 788 853 855 895; x_wconf 85' lang='lat' dir='ltr'>Cu</span> <span class='ocrx_word' id='word_1_33' title='bbox 867 867 918 895; x_wconf 90' lang='lat' dir='ltr'>rc</span> <span class='ocrx_word' id='word_1_34' title='bbox 930 853 1040 895; x_wconf 82' lang='lat' dir='ltr'>ulio</span> 
     </span>
     <span class='ocr_line' id='line_1_10' title="bbox 1033 925 1268 967; baseline 0 -1"><span class='ocrx_word' id='word_1_35' title='bbox 1033 925 1268 967; x_wconf 85' lang='lat' dir='ltr'>Nuntiabo.</span> 
     </span>
    </p>
   </div>
   <div class='ocr_carea' id='block_1_4' title="bbox 161 1012 1658 2018">
    <p class='ocr_par' dir='ltr' id='par_1_4' title="bbox 161 1012 1658 2018">
     <span class='ocr_line' id='line_1_11' title="bbox 839 1012 975 1066; baseline -0.007 -12"><span class='ocrx_word' id='word_1_36' title='bbox 839 1012 975 1066; x_wconf 68' lang='lat' dir='ltr'>Lyco</span> 
     </span>
     <span class='ocr_line' id='line_1_12' title="bbox 166 1083 685 1138; baseline 0.002 -14"><span class='ocrx_word' id='word_1_37' title='bbox 166 1083 278 1125; x_wconf 91' lang='lat' dir='ltr'>Num</span> <span class='ocrx_word' id='word_1_38' title='bbox 312 1084 416 1138; x_wconf 87' lang='lat' dir='ltr'>quid</span> <span class='ocrx_word' id='word_1_39' title='bbox 449 1085 528 1137; x_wconf 89' lang='lat' dir='ltr'>uis,</span> <span class='ocrx_word' id='word_1_40' title='bbox 560 1085 685 1127; x_wconf 65' lang='lat' dir='ltr'>leno?</span> 
     </span>
     <span class='ocr_line' id='line_1_13' title="bbox 766 1155 1056 1211; baseline -0.007 -13"><span class='ocrx_word' id='word_1_41' title='bbox 766 1155 1056 1211; x_wconf 75' lang='lat' dir='ltr'>Cappadox</span> 
     </span>
     <span class='ocr_line' id='line_1_14' title="bbox 692 1228 1651 1283; baseline 0 -13"><span class='ocrx_word' id='word_1_42' title='bbox 692 1228 805 1270; x_wconf 85' lang='lat' dir='ltr'>Istas</span> <span class='ocrx_word' id='word_1_43' title='bbox 837 1229 974 1270; x_wconf 87' lang='lat' dir='ltr'>minas</span> <span class='ocrx_word' id='word_1_44' title='bbox 1008 1228 1168 1271; x_wconf 84' lang='lat' dir='ltr'>decem.</span> <span class='ocrx_word' id='word_1_45' title='bbox 1202 1229 1274 1281; x_wconf 83' lang='lat' dir='ltr'>qui</span> <span class='ocrx_word' id='word_1_46' title='bbox 1306 1242 1372 1270; x_wconf 86' lang='lat' dir='ltr'>me</span> <span class='ocrx_word' id='word_1_47' title='bbox 1407 1243 1651 1283; x_wconf 78' lang='lat' dir='ltr'>procurem,</span> 
     </span>
     <span class='ocr_line' id='line_1_15' title="bbox 165 1299 818 1351; baseline 0.002 -11"><span class='ocrx_word' id='word_1_48' title='bbox 165 1299 277 1341; x_wconf 92' lang='lat' dir='ltr'>Dum</span> <span class='ocrx_word' id='word_1_49' title='bbox 308 1300 461 1343; x_wconf 85' lang='lat' dir='ltr'>melius</span> <span class='ocrx_word' id='word_1_50' title='bbox 495 1302 551 1343; x_wconf 84' lang='lat' dir='ltr'>sit</span> <span class='ocrx_word' id='word_1_51' title='bbox 582 1301 698 1351; x_wconf 83' lang='lat' dir='ltr'>mihi,</span> <span class='ocrx_word' id='word_1_52' title='bbox 731 1300 818 1342; x_wconf 84' lang='lat' dir='ltr'>(les.</span> 
     </span>
     <span class='ocr_line' id='line_1_16' title="bbox 842 1372 974 1427; baseline 0.008 -14"><span class='ocrx_word' id='word_1_53' title='bbox 842 1372 974 1427; x_wconf 66' lang='lat' dir='ltr'>Lyco</span> 
     </span>
     <span class='ocr_line' id='line_1_17' title="bbox 847 1443 1656 1499; baseline 0.002 -13"><span class='ocrx_word' id='word_1_54' title='bbox 847 1444 1099 1496; x_wconf 77' lang='lat' dir='ltr'>Dabuntur3</span> <span class='ocrx_word' id='word_1_55' title='bbox 1133 1458 1229 1486; x_wconf 89' lang='lat' dir='ltr'>cras</span> <span class='ocrx_word' id='word_1_56' title='bbox 1261 1445 1352 1499; x_wconf 86' lang='lat' dir='ltr'>peti</span> <span class='ocrx_word' id='word_1_57' title='bbox 1384 1443 1545 1487; x_wconf 86' lang='lat' dir='ltr'>iubeto.</span> <span class='ocrx_word' id='word_1_58' title='bbox 1591 1455 1656 1488; x_wconf 78' lang='lat'>5:25</span> 
     </span>
     <span class='ocr_line' id='line_1_18' title="bbox 767 1531 1056 1586; baseline -0.003 -12"><span class='ocrx_word' id='word_1_59' title='bbox 767 1531 1056 1586; x_wconf 77' lang='lat' dir='ltr'>Cappadox</span> 
     </span>
     <span class='ocr_line' id='line_1_19' title="bbox 166 1601 1503 1658; baseline 0 -14"><span class='ocrx_word' id='word_1_60' title='bbox 166 1601 349 1652; x_wconf 82' lang='lat' dir='ltr'>Quando</span> <span class='ocrx_word' id='word_1_61' title='bbox 380 1603 491 1646; x_wconf 90' lang='lat' dir='ltr'>bene</span> <span class='ocrx_word' id='word_1_62' title='bbox 523 1604 638 1658; x_wconf 81' lang='lat' dir='ltr'>gessi</span> <span class='ocrx_word' id='word_1_63' title='bbox 669 1619 772 1655; x_wconf 74' lang='lat' dir='ltr'>rem,</span> <span class='ocrx_word' id='word_1_64' title='bbox 805 1604 904 1646; x_wconf 87' lang='lat' dir='ltr'>uolo</span> <span class='ocrx_word' id='word_1_65' title='bbox 937 1604 1006 1645; x_wconf 90' lang='lat' dir='ltr'>hic</span> <span class='ocrx_word' id='word_1_66' title='bbox 1036 1604 1079 1644; x_wconf 85' lang='lat' dir='ltr'>in</span> <span class='ocrx_word' id='word_1_67' title='bbox 1111 1602 1210 1644; x_wconf 81' lang='lat' dir='ltr'>fano</span> <span class='ocrx_word' id='word_1_68' title='bbox 1244 1602 1503 1657; x_wconf 82' lang='lat' dir='ltr'>supplicare.</span> 
     </span>
     <span class='ocr_line' id='line_1_20' title="bbox 165 1674 1504 1729; baseline 0 -13"><span class='ocrx_word' id='word_1_69' title='bbox 165 1674 278 1716; x_wconf 90' lang='lat' dir='ltr'>Nam</span> <span class='ocrx_word' id='word_1_70' title='bbox 309 1675 429 1717; x_wconf 87' lang='lat' dir='ltr'>illam</span> <span class='ocrx_word' id='word_1_71' title='bbox 460 1676 585 1717; x_wconf 89' lang='lat' dir='ltr'>minis</span> <span class='ocrx_word' id='word_1_72' title='bbox 617 1676 718 1718; x_wconf 88' lang='lat' dir='ltr'>olim</span> <span class='ocrx_word' id='word_1_73' title='bbox 750 1676 897 1717; x_wconf 87' lang='lat' dir='ltr'>decem</span> <span class='ocrx_word' id='word_1_74' title='bbox 929 1675 1118 1729; x_wconf 87' lang='lat' dir='ltr'>puellam</span> <span class='ocrx_word' id='word_1_75' title='bbox 1150 1675 1377 1729; x_wconf 90' lang='lat' dir='ltr'>paruolam</span> <span class='ocrx_word' id='word_1_76' title='bbox 1409 1676 1504 1726; x_wconf 85' lang='grc'><strong>61111,</strong></span> 
     </span>
     <span class='ocr_line' id='line_1_21' title="bbox 163 1746 1641 1802; baseline 0 -14"><span class='ocrx_word' id='word_1_77' title='bbox 163 1746 247 1788; x_wconf 87' lang='lat' dir='ltr'>Sed</span> <span class='ocrx_word' id='word_1_78' title='bbox 278 1761 388 1799; x_wconf 85' lang='lat' dir='ltr'>eum,</span> <span class='ocrx_word' id='word_1_79' title='bbox 421 1749 495 1802; x_wconf 87' lang='lat' dir='ltr'>qui</span> <span class='ocrx_word' id='word_1_80' title='bbox 526 1748 630 1789; x_wconf 84' lang='lat' dir='ltr'>mihi</span> <span class='ocrx_word' id='word_1_81' title='bbox 662 1748 781 1790; x_wconf 88' lang='lat' dir='ltr'>illam</span> <span class='ocrx_word' id='word_1_82' title='bbox 811 1748 1022 1799; x_wconf 69' lang='lat' dir='ltr'>uendidit,</span> <span class='ocrx_word' id='word_1_83' title='bbox 1054 1761 1289 1802; x_wconf 88' lang='lat' dir='ltr'>numquam</span> <span class='ocrx_word' id='word_1_84' title='bbox 1320 1747 1497 1801; x_wconf 88' lang='lat' dir='ltr'>postilla</span> <span class='ocrx_word' id='word_1_85' title='bbox 1528 1747 1641 1798; x_wconf 88' lang='lat' dir='ltr'>uidi;</span> 
     </span>
     <span class='ocr_line' id='line_1_22' title="bbox 161 1818 1599 1873; baseline 0.001 -14"><span class='ocrx_word' id='word_1_86' title='bbox 161 1818 334 1861; x_wconf 84' lang='lat' dir='ltr'>Perisse</span> <span class='ocrx_word' id='word_1_87' title='bbox 365 1819 514 1871; x_wconf 87' lang='lat' dir='ltr'>cred0;</span> <span class='ocrx_word' id='word_1_88' title='bbox 547 1820 651 1873; x_wconf 87' lang='lat' dir='ltr'>quid</span> <span class='ocrx_word' id='word_1_89' title='bbox 680 1820 725 1861; x_wconf 92' lang='lat' dir='ltr'>id</span> <span class='ocrx_word' id='word_1_90' title='bbox 756 1834 852 1862; x_wconf 87' lang='lat' dir='ltr'>mea</span> <span class='ocrx_word' id='word_1_91' title='bbox 882 1820 1043 1862; x_wconf 82' lang='lat' dir='ltr'>refert‘?</span> <span class='ocrx_word' id='word_1_92' title='bbox 1077 1833 1154 1872; x_wconf 87' lang='lat' dir='ltr'>ego</span> <span class='ocrx_word' id='word_1_93' title='bbox 1188 1824 1416 1873; x_wconf 85' lang='lat' dir='ltr'>argentum</span> <span class='ocrx_word' id='word_1_94' title='bbox 1446 1819 1599 1862; x_wconf 88' lang='lat' dir='ltr'>habeo.</span> 
     </span>
     <span class='ocr_line' id='line_1_23' title="bbox 164 1890 1658 1946; baseline 0.003 -14"><span class='ocrx_word' id='word_1_95' title='bbox 164 1890 274 1939; x_wconf 84' lang='lat' dir='ltr'>Quoi</span> <span class='ocrx_word' id='word_1_96' title='bbox 290 1890 453 1933; x_wconf 87' lang='lat' dir='ltr'>homini</span> <span class='ocrx_word' id='word_1_97' title='bbox 471 1891 513 1933; x_wconf 91' lang='lat' dir='ltr'>di</span> <span class='ocrx_word' id='word_1_98' title='bbox 532 1897 633 1934; x_wconf 87' lang='lat' dir='ltr'>sunt</span> <span class='ocrx_word' id='word_1_99' title='bbox 658 1892 850 1946; x_wconf 75' lang='lat' dir='ltr'>propitii,</span> <span class='ocrx_word' id='word_1_100' title='bbox 876 1892 1046 1933; x_wconf 87' lang='lat' dir='ltr'>lucrum</span> <span class='ocrx_word' id='word_1_101' title='bbox 1072 1893 1110 1933; x_wconf 90' lang='lat' dir='ltr'>ei</span> <span class='ocrx_word' id='word_1_102' title='bbox 1133 1891 1329 1946; x_wconf 83' lang='lat' dir='ltr'>profecto</span> <span class='ocrx_word' id='word_1_103' title='bbox 1356 1891 1562 1933; x_wconf 89' lang='lat' dir='ltr'>obiciunt.</span> <span class='ocrx_word' id='word_1_104' title='bbox 1592 1903 1658 1936; x_wconf 80' lang='lat'>530</span> 
     </span>
     <span class='ocr_line' id='line_1_24' title="bbox 161 1961 1652 2018; baseline 0.001 -16"><span class='ocrx_word' id='word_1_105' title='bbox 161 1961 286 2004; x_wconf 84' lang='lat' dir='ltr'>Nunc</span> <span class='ocrx_word' id='word_1_106' title='bbox 316 1963 378 2005; x_wconf 89' lang='lat' dir='ltr'>rei</span> <span class='ocrx_word' id='word_1_107' title='bbox 409 1963 583 2005; x_wconf 88' lang='lat' dir='ltr'>diuinae</span> <span class='ocrx_word' id='word_1_108' title='bbox 616 1977 792 2018; x_wconf 84' lang='lat' dir='ltr'>operam</span> <span class='ocrx_word' id='word_1_109' title='bbox 823 1964 956 2013; x_wconf 62' lang='lat' dir='ltr'>daboe</span> <span class='ocrx_word' id='word_1_110' title='bbox 997 1968 1205 2005; x_wconf 76' lang='lat' dir='ltr'>certumst</span> <span class='ocrx_word' id='word_1_111' title='bbox 1246 1963 1355 2005; x_wconf 89' lang='lat' dir='ltr'>bene</span> <span class='ocrx_word' id='word_1_112' title='bbox 1386 1978 1453 2006; x_wconf 82' lang='lat' dir='ltr'>ine</span> <span class='ocrx_word' id='word_1_113' title='bbox 1487 1977 1652 2006; x_wconf 88' lang='lat' dir='ltr'>curare.</span> 
     </span>
    </p>
   </div>
   <div class='ocr_carea' id='block_1_5' title="bbox 199 2212 1624 2257">
    <p class='ocr_par' dir='ltr' id='par_1_5' title="bbox 199 2212 1624 2257">
     <span class='ocr_line' id='line_1_25' title="bbox 199 2212 1624 2257; baseline 0.001 -3"><span class='ocrx_word' id='word_1_114' title='bbox 199 2212 820 2257; x_wconf 72' lang='lat' dir='ltr'><strong><em>THERAPONTJGONUS</em></strong></span> <span class='ocrx_word' id='word_1_115' title='bbox 854 2213 1038 2257; x_wconf 90' lang='lat' dir='ltr'>MILES.</span> <span class='ocrx_word' id='word_1_116' title='bbox 1111 2213 1256 2257; x_wconf 89' lang='lat' dir='ltr'>LYCO</span> <span class='ocrx_word' id='word_1_117' title='bbox 1296 2213 1624 2256; x_wconf 87' lang='lat' dir='ltr'><strong>TRAPEZITA.</strong></span> 
     </span>
    </p>
   </div>
   <div class='ocr_carea' id='block_1_6' title="bbox 162 2316 1586 2513">
    <p class='ocr_par' dir='ltr' id='par_1_6' title="bbox 162 2316 1586 2513">
     <span class='ocr_line' id='line_1_26' title="bbox 653 2316 1165 2371; baseline 0.004 -13"><span class='ocrx_word' id='word_1_118' title='bbox 653 2316 1165 2371; x_wconf 85' lang='lat' dir='ltr'>Therapontigonus</span> 
     </span>
     <span class='ocr_line' id='line_1_27' title="bbox 162 2385 1378 2440; baseline 0.004 -14"><span class='ocrx_word' id='word_1_119' title='bbox 162 2385 260 2427; x_wconf 89' lang='lat' dir='ltr'>Non</span> <span class='ocrx_word' id='word_1_120' title='bbox 292 2400 370 2440; x_wconf 87' lang='lat' dir='ltr'>ego</span> <span class='ocrx_word' id='word_1_121' title='bbox 402 2399 514 2428; x_wconf 92' lang='lat' dir='ltr'>nunc</span> <span class='ocrx_word' id='word_1_122' title='bbox 545 2387 753 2430; x_wconf 89' lang='lat' dir='ltr'>mediocri</span> <span class='ocrx_word' id='word_1_123' title='bbox 784 2388 938 2431; x_wconf 88' lang='lat' dir='ltr'>incedo</span> <span class='ocrx_word' id='word_1_124' title='bbox 970 2390 1106 2431; x_wconf 87' lang='lat' dir='ltr'>iratus</span> <span class='ocrx_word' id='word_1_125' title='bbox 1137 2388 1378 2440; x_wconf 86' lang='lat' dir='ltr'>iracundia,</span> 
     </span>
     <span class='ocr_line' id='line_1_28' title="bbox 163 2457 1586 2513; baseline 0.001 -15"><span class='ocrx_word' id='word_1_126' title='bbox 163 2457 248 2498; x_wconf 90' lang='lat' dir='ltr'>Sed</span> <span class='ocrx_word' id='word_1_127' title='bbox 280 2471 409 2512; x_wconf 88' lang='lat' dir='ltr'>eapse</span> <span class='ocrx_word' id='word_1_128' title='bbox 439 2458 528 2510; x_wconf 87' lang='lat' dir='ltr'>illa,</span> <span class='ocrx_word' id='word_1_129' title='bbox 562 2472 646 2513; x_wconf 90' lang='lat' dir='ltr'>qua</span> <span class='ocrx_word' id='word_1_130' title='bbox 678 2459 946 2502; x_wconf 76' lang='lat' dir='ltr'>excidionem</span> <span class='ocrx_word' id='word_1_131' title='bbox 977 2460 1120 2503; x_wconf 84' lang='lat' dir='ltr'>facere</span> <span class='ocrx_word' id='word_1_132' title='bbox 1153 2461 1370 2503; x_wconf 87' lang='lat' dir='ltr'>condidici</span> <span class='ocrx_word' id='word_1_133' title='bbox 1403 2459 1586 2513; x_wconf 88' lang='lat' dir='ltr'>oppidis.</span> 
     </span>
    </p>
   </div>
   <div class='ocr_carea' id='block_1_7' title="bbox 172 2573 462 2581">
    <p class='ocr_par' dir='ltr' id='par_1_7' title="bbox 172 2573 462 2581">
     <span class='ocr_line' id='line_1_29' title="bbox 172 2573 462 2581; baseline 0 0"><span class='ocrx_word' id='word_1_134' title='bbox 172 2573 462 2581; x_wconf 95' lang='lat' dir='ltr'> </span> 
     </span>
    </p>
   </div>
   <div class='ocr_carea' id='block_1_8' title="bbox 161 2642 1653 2793">
    <p class='ocr_par' dir='ltr' id='par_1_8' title="bbox 161 2642 1653 2793">
     <span class='ocr_line' id='line_1_30' title="bbox 253 2642 1653 2689; baseline 0 -13"><span class='ocrx_word' id='word_1_135' title='bbox 253 2643 317 2676; x_wconf 75' lang='lat'>522</span> <span class='ocrx_word' id='word_1_136' title='bbox 341 2643 393 2677; x_wconf 89' lang='lat' dir='ltr'>mi</span> <span class='ocrx_word' id='word_1_137' title='bbox 417 2653 482 2678; x_wconf 88' lang='lat' dir='ltr'>om.</span> <span class='ocrx_word' id='word_1_138' title='bbox 576 2644 642 2678; x_wconf 81' lang='lat'>525</span> <span class='ocrx_word' id='word_1_139' title='bbox 667 2643 709 2679; x_wconf 88' lang='lat' dir='ltr'>fit</span> <span class='ocrx_word' id='word_1_140' title='bbox 803 2645 868 2678; x_wconf 77' lang='lat'>527</span> <span class='ocrx_word' id='word_1_141' title='bbox 895 2644 983 2678; x_wconf 85' lang='lat' dir='ltr'>olim</span> <span class='ocrx_word' id='word_1_142' title='bbox 1009 2644 1054 2680; x_wconf 86' lang='lat' dir='ltr'>de</span> <span class='ocrx_word' id='word_1_143' title='bbox 1079 2648 1115 2679; x_wconf 89' lang='lat' dir='ltr'>te</span> <span class='ocrx_word' id='word_1_144' title='bbox 1141 2645 1300 2689; x_wconf 82' lang='lat' dir='ltr'>puellam</span> <span class='ocrx_word' id='word_1_145' title='bbox 1393 2643 1458 2677; x_wconf 71' lang='lat'>523</span> <span class='ocrx_word' id='word_1_146' title='bbox 1484 2642 1653 2677; x_wconf 83' lang='lat' dir='ltr'>uendidit</span> 
     </span>
     <span class='ocr_line' id='line_1_31' title="bbox 161 2697 1653 2737; baseline 0.002 -6"><span class='ocrx_word' id='word_1_147' title='bbox 161 2697 262 2732; x_wconf 83' lang='lat' dir='ltr'>illam</span> <span class='ocrx_word' id='word_1_148' title='bbox 354 2700 420 2734; x_wconf 83' lang='lat'>529</span> <span class='ocrx_word' id='word_1_149' title='bbox 444 2699 602 2735; x_wconf 83' lang='lat' dir='ltr'>Periisse</span> <span class='ocrx_word' id='word_1_150' title='bbox 703 2702 769 2736; x_wconf 87' lang='lat'>530</span> <span class='ocrx_word' id='word_1_151' title='bbox 794 2701 851 2735; x_wconf 89' lang='lat' dir='ltr'>dei</span> <span class='ocrx_word' id='word_1_152' title='bbox 952 2703 1014 2736; x_wconf 84' lang='lat'>531</span> <span class='ocrx_word' id='word_1_153' title='bbox 1042 2705 1183 2736; x_wconf 86' lang='lat' dir='ltr'>certum</span> <span class='ocrx_word' id='word_1_154' title='bbox 1209 2701 1256 2735; x_wconf 85' lang='lat' dir='ltr'>sit</span> <span class='ocrx_word' id='word_1_155' title='bbox 1280 2701 1374 2734; x_wconf 82' lang='lat' dir='ltr'>bene</span> <span class='ocrx_word' id='word_1_156' title='bbox 1478 2699 1525 2734; x_wconf 79' lang='lat' dir='ltr'>In</span> <span class='ocrx_word' id='word_1_157' title='bbox 1550 2701 1653 2737; x_wconf 62' lang='lat' dir='ltr'>titzclo</span> 
     </span>
     <span class='ocr_line' id='line_1_32' title="bbox 162 2753 728 2793; baseline 0.009 -5"><span class='ocrx_word' id='word_1_158' title='bbox 162 2753 635 2793; x_wconf 82' lang='lat' dir='ltr'>THERAPONTIGONUS</span> <span class='ocrx_word' id='word_1_159' title='bbox 662 2769 728 2793; x_wconf 88' lang='lat' dir='ltr'>om.</span> 
     </span>
    </p>
   </div>
  </div>
 </body>
</html>
