1897 3171
248 185 333 225 400
891 179 1106 215 Bacchides.

249 312 425 348 imitatus
452 322 593 357 magna
619 323 666 346 ex
690 313 804 360 parte
830 322 967 346 aureos
992 309 1120 346 clavos
1146 308 1314 358 crepidis
1338 309 1534 348 subiectos
1559 310 1740 349 habuit⁴‘.

247 397 306 403 —-
339 379 430 416 330.
472 374 655 426 fastidit,
696 378 889 427 superbus
923 381 999 423 est,
1033 377 1080 414 cf.
1113 376 1224 414 Curc.
1260 378 1351 415 632.
1411 378 1528 416 Most.
1562 380 1654 417 873.
1685 399 1743 405 --

251 443 410 484 Tantas
442 449 514 483 cet.
574 445 632 483 De
671 446 800 484 soluto
832 446 1114 482 sententiarum
1146 458 1249 482 nexu
1278 445 1357 483 vid.
1391 446 1440 483 ad.
1470 447 1612 497 Amph.
1647 449 1741 486 952.

249 534 306 540 —-
346 515 438 551 331.
482 511 650 552 dederit.
700 514 832 551 Herm.
865 513 910 551 R.
942 513 1021 550 FL:
1072 510 1230 560 „duit“;
1276 515 1342 551 vix
1373 527 1489 564 opus,
1529 528 1565 552 v.
1598 515 1740 554 Pseud.

251 583 352 620 658:
411 582 520 628 „Huc
558 582 714 631 quidem
756 581 884 618 hercle
922 580 1025 617 haud
1070 580 1145 617 ibis
1183 582 1310 628 intro,
1358 595 1406 618 ne
1453 583 1548 631 quid
1591 583 1743 633 harpax

248 649 429 688 feeeris“.
476 650 565 688 Ter.
584 650 724 687 Heaut.
746 651 847 687 826:
885 661 1002 695 „caue
1031 648 1244 698 quidquam
1270 637 1485 687 admiratus
1518 647 1608 688 sis“.
1640 651 1744 688 infra

253 719 344 756 503.
379 738 434 743 —-
468 719 559 756 335.
598 715 723 766 Quom
756 730 828 767 pro
866 714 1036 766 .‚quod‘'',
1068 716 1147 753 vid.
1181 717 1231 754 ad
1260 718 1401 768 Amph.
1437 719 1529 755 636.
1562 738 1616 743 -—-
1649 719 1741 756 337.

248 782 340 824 hem
372 786 499 823 delevi
530 799 645 823 sensu
675 785 854 830 iubente,
889 784 1004 822 Both.
1042 783 1192 831 „enim“
1228 787 1450 835 scripserat,
1482 785 1528 823 R.
1559 784 1745 833 „en“.—

248 875 305 880 —
329 851 562 903 „tantispem
588 854 773 896 δεικτικῶς,
797 867 844 890 ne
861 852 1061 889 tantillum
1079 852 1236 901 quidem
1252 855 1442 903 temporis
1459 853 1670 903 spatium“.
1688 875 1744 879 —

250 923 345 960 338.
380 918 490 960 illud
510 923 550 958 in
574 922 604 958 B
630 921 892 958 emendatum.
911 940 966 945 —
992 921 1084 957 340.
1119 916 1186 958 Ne
1215 918 1459 971 ozam‘yarem
1492 920 1667 969 tandem,
1701 926 1745 960 ut

249 990 415 1027 tandem
432 1004 452 1027 a
469 990 692 1039 navigando
709 989 810 1027 liber
835 1002 970 1026 essem.
988 1008 1043 1013 —
1062 989 1154 1025 341.
1186 988 1331 1026 Versus
1356 993 1520 1039 propter
1545 994 1627 1027 tres
1653 1004 1743 1028 con-

248 1060 382 1096 tinuos
414 1058 564 1095 iambos
595 1059 649 1094 ita
674 1057 836 1094 offendit
867 1057 1134 1093 Hermannum
1166 1060 1204 1093 et
1234 1056 1502 1105 Ritschelium,
1534 1062 1580 1095 ut
1615 1056 1741 1105 „iam“

248 1126 442 1164 adderent
463 1130 501 1162 et
516 1126 639 1162 verba
655 1128 969 1175 transponerent.
1017 1120 1092 1171 Id,
1125 1125 1407 1174 expectabatur
1429 1125 1575 1173 „eius“,
1595 1126 1642 1164 cf.
1661 1126 1742 1164 Cat.

249 1194 295 1232 R.
314 1198 410 1231 rust.
434 1195 531 1231 122:
570 1193 634 1239 „id
664 1207 775 1230 mane
800 1194 952 1230 ieiunus
977 1192 1161 1242 cyathum
1186 1192 1370 1231 sumito“.
1417 1193 1478 1241 (In
1502 1207 1584 1232 var.
1611 1195 1743 1243 script.

249 1263 401 1300 incuria
440 1262 572 1298 omissi
602 1265 693 1298 sunt
726 1274 878 1298 errores
911 1261 995 1298 cod.
1024 1261 1073 1297 B:
1112 1259 1230 1306 „auff
1263 1266 1301 1298 et
1330 1260 1536 1309 .,uerim“).
1562 1282 1617 1287 --
1651 1263 1742 1300 343.

249 1341 366 1368 meus
392 1327 484 1368 Mn.
510 1326 641 1378 filius,
669 1329 748 1367 vid.
776 1329 826 1366 ad
851 1329 994 1379 Amph.
1024 1330 1143 1366 1093.
1169 1329 1271 1366 infra
1297 1331 1389 1367 825.
1422 1349 1478 1354 —
1510 1330 1602 1367 344.
1636 1327 1685 1367 τ’έΐ
1706 1331 1746 1366 in

249 1412 368 1435 unam
400 1398 589 1447 syllabam
623 1398 877 1444 contrahitur,
911 1411 947 1435 v.
973 1397 1153 1446 Prolegg.
1180 1410 1218 1446 p.
1246 1399 1324 1434 212
1358 1401 1396 1434 et
1428 1397 1478 1434 ad
1509 1399 1616 1436 Asin.
1651 1400 1743 1436 735.

256 1486 305 1492 --
341 1467 434 1503 345.
469 1462 567 1504 abeo
593 1467 731 1515 scripsi
750 1465 1067 1503 Fleckeisenium
1085 1468 1259 1512 secutus;
1291 1465 1358 1507 R.:
1397 1467 1473 1513 „At
1498 1479 1568 1516 ego
1593 1467 1680 1503 hinc
1700 1480 1744 1504 eo

250 1534 301 1572 ad
326 1534 479 1571 illum‘·.
509 1554 563 1558 —
596 1544 819 1572 comtemzm
844 1534 909 1580 id..
935 1533 1014 1570 vid.
1034 1533 1082 1570 ad
1106 1534 1196 1570 142.
1224 1553 1279 1558 —
1307 1534 1503 1582 quantum
1529 1534 1677 1583 potest,
1709 1549 1745 1572 v.

251 1602 303 1639 ad
336 1602 478 1651 Amph.
515 1604 606 1640 964.

367 1671 459 1707 346.
520 1670 734 1719 Postquam
774 1670 872 1706 abiit
912 1670 1049 1716 herus,
1092 1683 1227 1706 servus
1266 1669 1413 1719 gaudet
1444 1670 1639 1707 fallaciam
1673 1670 1748 1708 sibi

250 1742 332 1775 tam
371 1737 469 1774 bene
509 1739 752 1774 successisse.
828 1737 1055 1775 Similitudo
1098 1750 1119 1774 a
1157 1738 1342 1774 iumentis
1385 1742 1541 1788 sumpta
1573 1744 1651 1785 est,
1701 1739 1748 1776 cf.

251 1806 337 1843 Mil.
372 1807 472 1842 931:
523 1805 668 1855 „probe
708 1804 955 1843 oneratum“.
1025 1805 1102 1842 Cic.
1136 1805 1185 1842 ad
1221 1805 1329 1843 Fam.
1363 1805 1440 1853 III,
1486 1808 1547 1853 10,
1592 1808 1636 1843 7:
1688 1810 1750 1854 „te

252 1878 383 1911 autem
423 1873 563 1922 quibus
603 1874 816 1911 mendaciis
854 1874 1030 1911 homines
1060 1874 1248 1910 levissimi
1281 1873 1552 1911 onerarunt?“
1618 1874 1748 1912 Plaut.

252 1941 371 1979 Most.
406 1943 507 1978 422:
554 1942 809 1991 „speculabor
839 1942 988 1991 procul,
1022 1941 1125 1978 unde
1157 1941 1383 1978 aduenienti
1414 1943 1606 1979 sarcinam
1639 1943 1750 1991 inpo-

254 2023 347 2046 nam
377 2008 482 2046 seni·‘v
530 2008 775 2059 (imponendi
815 2023 896 2047 voc.
937 2010 1007 2046 hac
1047 2011 1086 2046 vi
1124 2010 1240 2059 vulgo
1281 2006 1450 2057 notum).
1496 2009 1615 2046 Most.
1649 2010 1749 2046 766:

261 2077 405 2124 „Uehit
451 2077 514 2114 hic
560 2078 745 2124 clitellas,
793 2078 902 2115 uehit
942 2078 1004 2114 hic
1045 2082 1176 2114 autem
1217 2077 1318 2114 alter
1356 2075 1515 2114 senex“.
1555 2097 1611 2101 —
1658 2077 1750 2114 348.

257 2155 394 2193 copem
442 2145 644 2182 Scutarius
695 2159 767 2183 em.
812 2160 858 2183 ex
907 2145 1034 2182 Nonio
1075 2159 1113 2195 p.
1157 2147 1227 2183 84:
1295 2145 1415 2195 „Copi
1463 2159 1535 2195 pro
1583 2146 1751 2194 copioso,

256 2213 384 2250 Plaut..
418 2212 558 2250 Pseud.
595 2210 731 2262 (67S):
775 2215 864 2264 copi
895 2221 1066 2263 pectore.
1100 2213 1270 2263 Turpil.:
1305 2218 1344 2250 te
1384 2214 1541 2263 quidem
1582 2214 1754 2250 omnium

256 2282 335 2318 iam
365 2284 481 2330 pater
512 2294 646 2329 copem
679 2294 884 2318 causarum
916 2282 1020 2319 fecit.
1082 2281 1244 2319 Pacuvst
1299 2281 1328 2319 Ο
1369 2281 1613 2318 multimodis
1644 2281 1754 2317 uarie

258 2348 421 2386 dubium
461 2352 499 2385 et
535 2362 768 2398 prosperum
810 2362 944 2399 copem
986 2347 1129 2387 diensi
1168 2369 1224 2374 —
1272 2351 1363 2387 351.
1406 2350 1503 2386 Post
1541 2344 1755 2396 Ephesum

258 2417 389 2454 hiatus
421 2418 463 2453 in
494 2429 659 2463 caesura,
693 2417 842 2454 Camer.
876 2416 1013 2463 „hinc‘⁴
1050 2417 1232 2464 addebat,
1265 2422 1308 2454 ut
1342 2418 1434 2455 385.
1460 2436 1514 2442 ·-
1540 2425 1754 2462 arcessere,

259 2488 305 2522 ut
341 2488 524 2531 arcessat,
557 2484 691 2521 Madv.
724 2484 790 2522 Gr.
823 2485 911 2523 Lat.
945 2486 1038 2532 411,
1072 2489 1155 2523 not.
1186 2487 1229 2532 23
1260 2486 1366 2523 infra
1399 2486 1492 2523 629.
1527 2486 1620 2522 895.
1669 2483 1754 2521 Cas.

262 2553 354 2590 656.
424 2552 542 2590 Most.
577 2553 640 2590 64.
709 2552 850 2590 Pseud.
885 2554 978 2590 646.
1047 2553 1147 2590 Rud.
1183 2554 1247 2591 94.
1310 2553 1466 2590 Trucul.
1500 2553 1595 2590 402.
1668 2552 1754 2589 Ter.

260 2619 361 2657 Eun.
397 2620 490 2658 528.
538 2621 586 2658 al.
618 2641 674 2646 —
707 2622 799 2659 352.
831 2617 1046 2667 malacum,
1079 2634 1114 2658 v.
1151 2622 1215 2659 69.
1250 2640 1297 2646 -
1338 2621 1429 2658 354.
1464 2616 1606 2658 turbas
1638 2615 1755 2667 dabo,

263 2688 311 2725 cf.
337 2688 478 2725 Pseud.
516 2690 606 2726 110.
654 2689 740 2727 Ter.
767 2689 865 2726 Eun.
902 2690 993 2726 653.
1027 2702 1147 2738 supra
1178 2688 1227 2725 ad
1260 2690 1353 2726 270.
1386 2708 1442 2713 —
1475 2688 1567 2725 359.
1618 2682 1756 2725 Cruci-

261 2752 420 2803 salum,
464 2757 575 2805 quasi
612 2758 653 2794 in
692 2770 844 2794 crucem
877 2757 1100 2802 salientem,
1151 2756 1197 2793 cf.
1229 2756 1314 2793 Mil.
1349 2757 1425 2793 281
1461 2768 1517 2804 sq.
1549 2755 1678 2793 Lusus
1711 2768 1758 2792 ex
