1854 3188
135 182 198 226 IV,
216 185 245 226 1,
260 184 360 225 5-2‚
373 183 394 216 9
779 182 989 217 Bacchides.
1574 192 1625 230 97

136 309 201 350 Tu
233 308 406 355 dudum.
438 321 580 361 puere‚
613 322 709 349 cum
739 307 837 350 illac·
867 322 1002 362 usque
1033 309 1105 350 isti
1138 310 1287 361 simul;
1392 311 1397 315 ’
1562 326 1627 359 575

138 380 256 430 Quae
286 380 439 421 harum
471 384 571 421 sunt
601 380 742 431 aedes,
775 380 916 433 pulta3
950 380 1021 421 adi
1054 386 1250 423 actutum
1282 383 1336 424 ad
1367 384 1484 426 foris.
1518 410 1571 414 —

137 452 306 494 Recede
337 451 436 493 hinc
468 451 667 493 dierecte.
739 451 797 493 Ut
827 452 974 505 pulsat
1004 453 1288 506 propudium!

139 523 338 565 Comesse
369 536 527 577 panem
558 525 639 566 tris
671 523 802 578 pedes
834 524 971 565 latum
1003 529 1138 578 potes,

135 596 261 638 Foris
292 595 464 650 pultare
495 597 647 637 nescis.
714 595 876 649 Ecquis
908 597 954 637 in
986 596 1215 638 aedibust?

136 667 265 718 Heus,
298 668 443 720 ecquis
474 667 545 708 hic
577 668 672 710 est‘?
705 669 850 722 ecquis
881 668 962 709 hoc
995 669 1137 722 aperit
1168 670 1325 711 ostium
1340 676 1358 710 'f
1563 685 1629 718 580

135 739 276 794 Ecqui
308 739 423 780 exit?

464 1000 862 1043 PISTOCLERUS.
896 1018 899 1021 ·
939 1001 1299 1046 PARASITUS.

715 1118 1050 1161 Pistoclerus

488 1190 598 1240 Quid
629 1192 770 1233 istuc?
805 1206 917 1245 quae
950 1192 1086 1234 istaec
1118 1198 1182 1234 est
1211 1194 1400 1247 pulsatio
1412 1196 1429 1235 Ῥ

138 1262 218 1304 Pol
248 1263 321 1316 qui
352 1267 395 1304 te
426 1263 541 1305 mala
573 1277 679 1305 crux
711 1264 862 1317 agitat‚
897 1264 969 1316 qui
1001 1265 1056 1306 ad
1087 1265 1232 1306 istunc
1263 1266 1435 1308 modum

137 1335 286 1376 Alieno
317 1336 422 1376 uiris
454 1341 553 1376 tuas
586 1342 781 1378 extentes
815 1337 939 1378 ostio.

136 1406 259 1449 Foris
290 1421 426 1460 paene
460 1406 689 1460 ecfregisti.
753 1407 866 1457 Quid
896 1421 1011 1449 nunc
1042 1409 1108 1450 uis
1140 1408 1250 1450 tibi?

738 1517 771 1558 P
784 1531 839 1559 ar
851 1531 876 1559 a
887 1532 905 1559 s
918 1518 959 1559 it
971 1533 998 1559 u
1011 1533 1029 1559 s

137 1587 418 1640 Adulescens,
450 1589 582 1631 salue.

722 1676 1059 1718 Pistoclerus

644 1747 782 1789 Salue.
845 1748 927 1789 Sed
960 1762 1086 1801 quem
1120 1750 1368 1803 quaeritas?
1566 1765 1630 1797 585

746 1842 778 1882 P
791 1856 815 1883 a
824 1857 845 1883 r
855 1856 880 1884 a
891 1857 908 1884 s
919 1843 960 1884 it
972 1858 1000 1884 u
1013 1858 1030 1885 s

138 1913 413 1956 Bacchidem.

718 2001 1057 2043 Pistoclerus

464 2071 620 2114 Utram
651 2074 782 2126 ergo‘?

742 2183 1031 2225 Parasitus

776 2304 783 2311 ¹
840 2255 958 2296 Nihil
989 2256 1076 2297 scio
1108 2257 1193 2298 nisi
1222 2256 1498 2299 Bacchidem.

137 2323 314 2366 Paucis:
346 2338 413 2366 me
445 2325 563 2366 misit
592 2326 716 2368 miles
749 2326 799 2368 ad
836 2341 930 2368 eam
964 2326 1258 2380 Cleomachus,

137 2395 218 2438 Uel
247 2400 298 2438 ut
329 2396 538 2439 ducentos
568 2397 792 2452 Philippos
823 2399 980 2440 reddat
1012 2413 1164 2441 aureos

136 2467 217 2510 Uel
246 2473 295 2510 ut
323 2468 423 2510 hinc
452 2470 498 2509 in
528 2469 717 2511 Elatiam
747 2471 874 2512 hodie
907 2478 976 2512 eat
1010 2485 1158 2512 secum
1190 2472 1326 2514 simul.

229 2651 295 2685 575
318 2662 412 2695 puer
514 2653 579 2687 illa
674 2654 788 2688 semul
905 2656 970 2690 578
997 2655 1204 2690 Commesse
1322 2656 1387 2690 579
1411 2655 1576 2699 pultares
1605 2653 1633 2689 0

136 2705 269 2741 PUER
292 2707 430 2751 Ecquis
454 2708 512 2746 his
537 2710 576 2743 in
645 2710 710 2744 581
735 2710 874 2755 Ecquis
946 2713 1010 2746 532
1036 2712 1102 2746 Pol
1129 2723 1196 2747 om.
1276 2713 1342 2746 584
1367 2712 1557 2756 exsregisti
1581 2711 1629 2756 B,

138 2762 319 2808 effregisti
346 2763 375 2799 C
487 2767 553 2800 589
579 2767 691 2801 semel
714 2767 758 2808 Β,
785 2768 899 2802 semul
927 2767 954 2802 C

1336 2836 1356 2867 7
