1854 3188
132 176 201 221 IV,
214 179 246 221 9,
260 178 394 212 68—76
775 176 988 210 Bacchides.
1553 180 1629 217 123

739 302 776 343 N
787 302 801 343 1
813 316 834 343 c
846 315 870 343 ο
881 301 908 343 b
917 316 946 342 ιι
955 301 968 342 1
978 316 1006 342 ιι
1020 316 1037 343 s

339 375 416 427 Eu,
446 374 617 417 litteras
649 374 852 416 minutas.

737 445 768 487 C
780 445 808 486 h
820 460 841 486 r
850 460 875 500 y
886 459 904 486 s
915 445 964 486 al
974 460 1001 486 u
1013 459 1031 486 s

914 516 996 566 Qui
1028 516 1203 570 quidem
1233 515 1381 558 uideat
1411 532 1575 571 parum⁷

129 590 296 632 Uerum
327 590 400 644 qui
431 590 537 632 satis
567 590 730 641 uideat,
762 589 950 642 grandes
984 589 1091 631 satis
1123 595 1236 629 sunt.

736 661 774 702 N
784 663 797 702 i
809 675 830 702 c
842 675 865 703 0
875 660 902 702 b
913 675 941 702 u
950 661 965 701 1
974 676 1002 702 u
1013 675 1032 702 s

1003 733 1207 774 Animum
1238 732 1456 774 adum-tito
1488 734 1633 786 igitur.

740 805 771 846 C
782 805 810 846 h
820 820 842 846 ι·
851 819 878 858 y
889 819 907 846 s
918 819 944 846 a
953 805 967 846 1
977 820 1005 846 ιι
1017 819 1035 846 s

134 877 264 930 Nolo,
294 878 484 932 inquam.

733 949 772 990 N
782 950 796 991 i
807 963 828 990 c
841 963 864 991 0
879 949 905 991 b
917 949 969 990 ul
980 964 1008 990 ιι
1022 964 1040 991 s

343 1021 399 1062 At
428 1022 540 1074 uolo,
572 1023 764 1076 inquam.

739 1092 769 1135 C
780 1093 809 1134 1ι
817 1108 838 1134 r
848 1108 873 1148 y
885 1107 904 1134 s
916 1107 941 1135 a
952 1093 967 1134 1
977 1108 1004 1134 ιι
1016 1108 1035 1134 s

611 1164 722 1214 Quid
756 1171 885 1220 opust
895 1165 913 1206 '1²

740 1237 778 1278 N
789 1238 801 1278 i
814 1251 836 1279 c
849 1251 872 1278 0
884 1237 911 1279 b
923 1237 974 1278 ιι1
985 1252 1012 1278 ιι
1026 1252 1043 1278 s

751 1310 808 1350 At
840 1310 966 1360 enim,
1001 1309 1118 1363 quod
1149 1317 1193 1351 te
1224 1309 1364 1360 iubeo,
1396 1308 1547 1351 facias.
1574 1319 1641 1353 990

745 1392 775 1434 C
787 1393 816 1434 h
825 1407 846 1433 r
854 1408 878 1446 y
891 1407 909 1434 s
922 1408 947 1434 a
956 1393 971 1434 1
981 1408 1008 1434 ιι
1021 1408 1039 1435 s

139 1465 361 1518 Iustumst,
392 1470 495 1507 tuus
526 1465 607 1507 tibi
638 1479 787 1507 seruos
819 1470 895 1506 tuo
929 1465 1148 1506 arbitratu
1182 1465 1358 1506 seruiat.

742 1552 780 1592 N
792 1553 805 1593 i
818 1566 839 1593 c
851 1567 874 1594 o
886 1552 914 1594 b
924 1567 951 1593 ιι
961 1553 973 1593 1
984 1568 1011 1594 ιι
1026 1567 1044 1593 s

135 1624 235 1666 Hoc
266 1638 345 1678 age
376 1624 436 1666 sis
467 1638 583 1665 nunc
613 1624 713 1665 iam.

739 1710 1039 1765 Chrysalus

535 1783 618 1825 Ubi
648 1783 782 1835 lube‘t·⁷
814 1784 971 1835 recita3
1005 1783 1174 1824 aurium
1209 1795 1384 1835 operam
1414 1781 1496 1822 tibi
1530 1780 1640 1822 dico.

740 1870 777 1910 N
788 1870 802 1911 i
813 1884 835 1911 c
847 1885 869 1912 o
880 1870 907 1912 b
919 1870 970 1911 ul
981 1885 1007 1911 ιι
1021 1885 1039 1911 s

143 1942 279 1984 Cerae
310 1943 507 1996 equidem
537 1942 653 1984 haud
683 1943 822 1997 parsit
853 1956 992 1995 neque
1025 1942 1124 1984 stilo
1139 1958 1145 1994 ζ
1196 1941 1270 1983 sed
1310 1939 1522 1994 quidquid
1561 1943 1640 1990 est,

1098 2013 1319 2067 perlegere
1352 2017 1574 2053 certumst.

146 2087 315 2139 „Pater⁷
348 2087 556 2128 ducentos
588 2086 824 2140 Philippos,
858 2100 1031 2139 quaeso,
1065 2084 1275 2140 Chrysalo

138 2159 220 2211 Da,
254 2159 291 2200 si
322 2172 414 2200 esse
445 2158 614 2200 saluom
644 2158 713 2199 uis
745 2172 813 2199 me
845 2163 921 2200 aut
951 2157 1130 2199 uitalem
1160 2157 1280 2198 tibist
1577 2166 1643 2200 995

143 2231 308 2273 Malum
339 2230 512 2285 quidem
542 2230 688 2272 hercle
720 2244 936 2284 magnum.

747 2316 778 2358 C
788 2317 817 2358 h
826 2331 848 2358 r
858 2332 884 2372 y
894 2331 912 2358 s
922 2331 947 2358 a
957 2317 972 2358 1
981 2332 1010 2358 ιι
1021 2331 1039 2359 s

991 2388 1089 2430 Tibi
1121 2388 1231 2430 dico.

747 2460 785 2501 N
795 2460 844 2515 ilc
854 2474 877 2502 0
889 2460 916 2502 b
927 2475 954 2502 ιι
964 2461 979 2502 1
989 2476 1018 2503 ιι
1027 2475 1046 2503 s

1282 2529 1394 2581 Quid
1425 2528 1518 2570 est‘?

235 2701 303 2734 988
326 2700 432 2745 Euge
456 2699 492 2735 B
593 2701 659 2735 9922
682 2701 755 2736 iam
780 2713 878 2735 nunc
907 2701 934 2736 C
1033 2679 1272 2744 993'11uidem
1367 2698 1433 2731 996
1460 2708 1639 2740 magnum

141 2757 218 2791 fibi
243 2757 335 2792 dieo.
364 2756 452 2793 CRI.
481 2756 575 2801 Quid
600 2757 685 2792 est?
711 2756 746 2792 B
