1897 3171
808 193 1018 229 Bacchides.
1572 198 1649 236 371

167 322 281 368 Quod
306 322 467 372 utrique
499 323 626 360 sorori
657 322 761 359 idem
792 310 934 359 nomen
967 326 1036 368 est,
1069 322 1109 358 id
1140 322 1179 358 in
1202 323 1344 371 puellis
1369 323 1453 360 fieri
1476 325 1652 373 potuisse

169 390 343 437 videtur,
391 403 463 427 nec
499 394 544 427 ut
581 393 622 428 in
661 390 912 443 Menaechmis
950 390 1139 428 fratribus
1178 394 1284 428 certa
1323 392 1405 428 eius
1442 392 1499 427 rei
1538 405 1653 428 causa

168 458 376 507 quaerenda
408 461 486 504 est3
534 458 603 495 sed
640 459 854 506 legentium
894 471 1009 495 causa
1048 458 1345 506 distinguantur
1384 472 1540 496 necesse
1580 463 1651 496 est.

166 526 210 563 In
243 526 325 564 cod.
358 526 400 572 B,
434 526 542 563 cuius
572 527 688 563 unius
718 527 758 563 in
788 526 859 563 hac
890 539 932 562 re
964 527 1179 563 auctoritas
1210 530 1278 572 est,
1311 527 1351 563 in
1382 528 1508 575 prima
1540 540 1654 563 scena

167 607 290 640 soror,
323 606 408 644 quae
440 606 594 643 semper
616 594 780 632 Athenis
813 594 1019 640 habitavit,
1052 597 1145 631 nota
1169 594 1215 640 A,
1250 595 1387 640 altera,
1420 594 1654 632 Mnesilochi

167 663 302 709 amica,
336 675 421 711 quae
453 662 567 700 Samo
599 663 760 701 advecta
791 666 866 709 est,
908 666 1002 699 nota
1031 662 1064 698 E
1096 660 1356 711 significatui-3
1403 664 1442 699 in
1481 666 1655 700 extrema

166 730 307 768 fabulae
345 744 460 768 scena
496 731 565 768 illa
601 729 827 777 „Bacchis“,
882 730 964 767 haec
1006 728 1175 776 .,Soror“
1219 730 1454 768 inscribitur.
1546 731 1654 768 Hanc

167 799 487 848 significationem
525 799 774 836 Camerarius
817 799 1040 848 adoptavit,
1089 802 1126 835 et
1165 798 1402 836 Ritschelius
1448 799 1487 835 in
1533 799 1655 835 altera

167 868 338 904 editione
369 868 553 914 retinuit,
602 880 721 917 quum
760 869 799 904 in
840 867 970 916 priore
1010 867 1108 903 hanc
1154 866 1409 912 „Bacchidem
1440 865 1499 913 I“‚
1533 867 1654 903 illam

170 935 426 982 „Bacchidem
456 934 517 972 11⁶⁶
555 936 804 985 appellasset.
872 934 953 972 Nos
986 948 1154 984 quoque,
1197 935 1290 984 quia
1319 938 1486 983 utraque
1519 934 1655 972 eodem

166 1005 250 1040 iure
289 1007 328 1040 et
356 1003 525 1040 Bacchis
565 1007 603 1040 et
641 1017 752 1041 soror
793 1003 984 1053 appellari
1024 1004 1172 1053 potuit,
1220 1003 1329 1040 aliud
1370 1003 1579 1040 maluimus
1618 1007 1656 1040 et

166 1071 327 1108 alteram
357 1071 541 1118 Atticam,
575 1072 737 1108 alteram
770 1071 939 1109 Samiam
973 1070 1037 1118 (cf.
1064 1084 1099 1107 v.
1129 1069 1239 1118 197),
1274 1071 1505 1126 Bacchidem
1536 1072 1582 1108 A.
1617 1075 1656 1107 et

166 1139 397 1176 Bacchidem
444 1138 480 1177 S.
521 1139 701 1176 diximus.
794 1135 1022 1188 Chrysalus
1068 1137 1205 1186 (Codd.
1253 1140 1333 1175 fere
1384 1138 1652 1186 „Clirisalus“)

166 1220 299 1245 servus
331 1207 378 1244 ab
411 1221 506 1244 auro
538 1207 702 1254 dicitur,
745 1208 825 1244 sive
857 1221 1018 1254 aureus,
1061 1209 1142 1245 sive
1175 1208 1241 1257 qui
1275 1219 1410 1244 aurum
1444 1210 1654 1256 comparat,

165 1279 209 1313 ut
238 1289 274 1313 v.
308 1276 387 1313 *700
420 1289 500 1324 sq.:
548 1279 763 1325 „quantum
795 1276 903 1312 lubet
932 1289 993 1312 me
1023 1277 1218 1325 poscitote
1250 1289 1407 1321 aurum3
1441 1288 1511 1324 ego
1543 1275 1655 1312 dabo.

166 1343 267 1389 Quid
298 1344 392 1381 mihi
422 1344 543 1381 refert
575 1344 766 1393 Chrysalo
799 1358 882 1381 esse
913 1357 1073 1391 nomen,
1122 1345 1194 1381 nisi
1232 1344 1344 1381 factis
1376 1340 1556 1393 probo‘?“
1607 1344 1653 1380 cf.

167 1413 259 1450 226.
294 1413 386 1450 237.
422 1413 513 1450 639.
577 1408 834 1450 PiStOCle‘ruS
864 1412 965 1449 fidus
997 1413 1142 1450 amicus
1175 1416 1244 1459 est,
1279 1413 1390 1461 quasi
1414 1415 1557 1449 sortem
1582 1412 1657 1449 sibi

166 1482 409 1517 commissam
439 1479 610 1518 fideliter
643 1494 816 1528 servans,
850 1481 896 1518 cf.
930 1495 965 1519 v.
1003 1483 1092 1518 195.
1128 1481 1207 1518 384
1241 1494 1324 1529 sqq.
1393 1475 1658 1518 Cleomachus

167 1549 380 1596 gloriosum
419 1549 556 1586 militis
593 1563 734 1593 nomen
774 1552 846 1587 est.
907 1545 1140 1587 Nicobulus
1172 1547 1218 1595 (B
1249 1549 1480 1598 plerumque
1516 1547 1656 1594 „Nico-

165 1615 319 1654 bolum“
343 1614 496 1663 scribit)
524 1618 634 1666 quasi
658 1618 822 1654 consilio
848 1618 974 1654 victor
998 1618 1143 1654 ironice
1176 1617 1397 1667 appellatur
1428 1629 1556 1661 senex,
1590 1616 1656 1665 qui

165 1685 379 1722 identidem
409 1684 581 1722 ludibrio
612 1684 669 1723 fit.
738 1686 783 1721 In
818 1681 1038 1723 Philoxeni
1076 1688 1114 1722 et
1146 1681 1400 1722 Mnesilochi
1431 1683 1656 1721 nominibus

165 1753 265 1790 nihil
295 1753 401 1790 ultra
426 1753 679 1802 quaerendum
704 1756 776 1799 est,
810 1766 880 1789 nec
906 1754 1028 1803 magis
1056 1754 1095 1790 in
1119 1750 1228 1803 Lydi
1249 1753 1461 1802 paedagogi
1486 1752 1654 1797 nomine,

166 1834 281 1869 quem
314 1820 427 1858 codd.
454 1834 580 1871 prope
619 1824 848 1858 constanter
883 1819 1073 1867 „Lidum“
1109 1822 1299 1868 scribunt,
1339 1820 1398 1858 Fl.
1435 1817 1654 1868 „Ludum“,

167 1889 273 1938 quod
311 1902 359 1926 ne
399 1890 487 1938 quis
524 1893 691 1939 propter
729 1902 765 1926 v,
803 1891 877 1926 127
918 1891 1180 1926 necessarium
1221 1893 1395 1932 censeat,
1442 1902 1490 1925 ne
1522 1891 1656 1924 nostra

167 1957 328 2006 quidem
360 1957 556 1995 scribendi
587 1960 740 1994 ratione
772 1959 857 1995 soni
889 1958 1189 1995 similitudinem
1220 1958 1309 1994 tolli
1341 1957 1589 1994 arbitramur.

279 2161 442 2198 Initium
473 2161 615 2198 fabulae
647 2162 835 2199 excidisse
867 2166 1052 2212 apparet,
1100 2176 1170 2199 nec
1209 2162 1429 2207 defuerunt,
1472 2161 1538 2209 qui
1569 2160 1659 2196 huic

167 2229 340 2267 defectui
371 2234 657 2266 succurrerent.
717 2230 816 2266 Nam
849 2230 1178 2280 supplementum,
1211 2233 1356 2279 praeter
1387 2232 1658 2277 argumentum

167 2297 373 2347 prologum
414 2300 454 2333 et
485 2311 638 2334 scenam
677 2298 843 2347 primam
882 2299 1106 2345 continens,
1149 2300 1189 2335 in
1228 2298 1400 2335 editione
1432 2297 1591 2333 Iuntina
1624 2308 1656 2332 a.

172 2366 276 2402 1514
308 2365 495 2402 Nicolaus
526 2366 716 2413 Angelius
749 2366 893 2412 edidit,
940 2379 1039 2415 opus
1071 2368 1228 2403 minime
1259 2365 1518 2409 laudandum,
1552 2363 1657 2412 quod

168 2433 347 2470 Lascaris
386 2435 664 2482 grammaticus
696 2433 854 2471 Graecus
885 2434 1079 2472 Messanae
1110 2436 1306 2471 invenisse
1338 2446 1379 2470 se
1411 2432 1526 2477 dicit,
1574 2430 1657 2467 Rit-

168 2501 334 2538 schelius
366 2505 497 2538 autem
528 2503 568 2538 in
599 2502 758 2551 egregia
788 2502 857 2538 illa
888 2502 1156 2552 disputatione
1189 2503 1235 2539 de
1266 2499 1537 2545 Bacchidibus,
1571 2511 1657 2546 quae

169 2569 317 2616 legitur
348 2570 389 2606 in
419 2569 600 2617 Parergis
630 2583 669 2619 p.
700 2569 775 2606 391
811 2583 909 2619 sqq.,
942 2571 1114 2608 Antonio
1146 2570 1427 2606 Panormitano
1459 2567 1657 2603 vindicare

169 2640 346 2674 conatur.
392 2637 653 2686 Repetierunt
676 2643 809 2674 tamen
835 2637 1029 2675 editorum
1054 2638 1232 2686 plerique
1249 2648 1373 2684 usque
1394 2635 1443 2671 ad
1460 2635 1656 2671 Bothiurn.

168 2703 290 2741 Immo
325 2705 377 2751 si,
419 2717 504 2754 quae
536 2706 747 2754 perierint,
788 2706 918 2742 animo
949 2706 1158 2742 informare
1189 2704 1387 2750 volumus,
1420 2703 1497 2740 alia
1527 2702 1658 2752 potius

168 2771 393 2809 adiumenta
419 2772 628 2821 quaerenda
653 2776 763 2819 sunt,
795 2787 884 2810 nam
910 2773 1014 2822 apud
1032 2772 1263 2817 Chai-isium,
1289 2770 1457 2807 Nonium
1482 2769 1658 2818 aliosque

1320 2845 1385 2878 24*
