1897 3171
252 180 333 221 500
922 171 1076 216 Captiui.

249 308 322 345 hoc
363 309 467 343 esset
509 316 688 350 „sursum
720 300 949 347 deorsum‘³;
997 305 1036 338 et
1075 303 1129 339 sic
1163 302 1250 338 edd.
1283 302 1454 339 Bosscha
1484 306 1523 340 et
1553 303 1741 353 Geppert.

249 375 374 412 Immo
415 386 456 410 os
496 385 649 410 sursum
686 370 878 415 trahitur,
927 369 1155 418 offuciisque
1187 369 1332 406 oblatis
1362 370 1615 419 prohibetur,
1665 385 1742 421 quo

250 444 378 480 minus
412 455 476 487 ea,
518 452 604 489 quae
636 442 725 475 ante
756 438 876 488 pedes
916 442 1018 484 sunt,
1059 437 1202 474 videat.
1267 448 1312 475 08
1341 434 1572 486 subleuere,
1627 453 1662 477 v.
1695 439 1744 476 ad

250 510 382 547 Aulul.
417 509 509 546 660.
571 504 748 556 offudis,
781 506 882 551 fuco,
909 507 1134 555 praestigiis,
1162 505 1208 542 cf.
1234 506 1352 543 Most.
1377 508 1469 543 259.
1497 526 1552 532 —
1577 508 1654 544 651
1685 522 1742 557 sq.

252 578 396 615 Servos
434 578 475 613 in
514 575 661 612 aedibus
702 578 901 611 versantes
934 578 971 610 et
1003 586 1124 623 opera
1155 573 1341 611 facientes
1381 580 1534 621 evocat,
1583 580 1622 612 et
1659 576 1746 613 lora

252 659 316 682 eos
350 644 486 682 afferre
516 644 645 688 iubet,
684 646 730 679 ut
760 642 985 690 Tyndarum
1027 646 1111 678 arte
1151 643 1437 690 constringant.
1511 638 1576 680 Ite
1605 641 1743 690 istim,

255 714 304 751 cf.
337 712 455 750 Poen.
493 713 621 748 1323:
659 711 739 757 „Ite
770 712 896 756 istinc,
930 712 1045 756 servi,
1080 711 1202 756 foras,
1237 710 1381 747 ecferte
1412 709 1567 748 fustis“.
1619 712 1748 748 Aliter

255 783 378 819 Mero.
414 782 512 818 899:
565 779 724 827 ‚,Exite;
772 779 879 815 illinc
911 779 1074 827 pallium
1106 780 1156 815 mi
1200 778 1395 825 ecfe1²te⁴²3
1442 779 1544 816 unde
1578 780 1640 817 Br.
1673 780 1747 817 hoc

255 862 413 898 quoque
444 848 531 885 loeo
568 846 729 895 ‚,istinc‘⁴
767 847 813 883 ad
847 848 1051 895 sequentia
1082 848 1224 892 traxit,
1267 860 1404 895 parum
1443 851 1560 885 recte.
1636 847 1747 892 Quod

259 922 388 954 autem
416 922 454 953 et
478 916 537 953 Fl.
565 923 602 952 et
628 916 692 953 ΒΓ.
726 916 846 964 atque
877 915 1077 961 delerunt,
1126 918 1165 952 in
1205 917 1331 964 primo
1362 915 1462 964 pede
1493 916 1569 952 sibi
1600 916 1748 965 aliquid

256 986 477 1034 permisisse
509 984 667 1022 videtur
697 988 826 1033 poeta⁷
859 997 893 1020 v.
914 983 1096 1033 Prolegg.
1115 997 1152 1033 p.
1176 984 1265 1021 181.
1298 1004 1353 1008 -—
1386 980 1501 1020 Num
1533 981 1746 1033 lismatunz.

254 1054 378 1092 Ludit
410 1066 563 1099 servus,
596 1066 684 1089 nam
717 1053 801 1101 ipse
832 1051 955 1101 probe
987 1056 1101 1089 norat
1134 1052 1194 1088 his
1219 1053 1312 1089 loris
1339 1066 1415 1089 non
1440 1052 1546 1101 ligna
1573 1053 1746 1100 collecta,

255 1122 323 1159 sed
354 1122 551 1159 hominem
582 1122 757 1157 vinctum
789 1121 850 1156 iri.

371 1191 463 1228 653.
510 1189 681 1226 Senariis
722 1191 870 1238 scripta
907 1192 965 1224 est
1013 1201 1149 1234 scena,
1198 1202 1272 1237 qua
1314 1189 1520 1237 Tyndarus
1565 1191 1748 1228 vincitur.

255 1258 331 1295 Sed
363 1259 512 1308 primus
544 1270 678 1294 versus
711 1257 869 1293 defectu
899 1257 1076 1302 laborat,
1122 1257 1273 1306 antiqui
1304 1257 1391 1295 edd.
1427 1258 1610 1295 actutum
1641 1259 1751 1295 addi-

256 1327 401 1364 derunt
433 1340 477 1362 ex
510 1326 648 1362 Bacch.
683 1326 783 1362 794:
838 1324 1096 1373 ..Constringe
1133 1329 1176 1362 tu
1214 1326 1294 1372 illi,
1342 1326 1525 1372 Artamo,
1574 1330 1751 1363 actutum

256 1392 433 1431 manus“.
464 1413 512 1418 --
551 1395 643 1431 655.
677 1392 890 1429 Maximum
922 1393 1107 1430 scelerum
1142 1398 1343 1430 auctorem
1375 1399 1413 1430 et
1443 1394 1752 1431 machinatorem

259 1475 346 1499 eum
374 1475 456 1499 esse
483 1462 589 1508 dicit,
624 1466 672 1508 et,
708 1464 775 1511 qui
810 1462 951 1498 malum
986 1462 1140 1508 severit,
1175 1462 1341 1499 eundem
1367 1463 1511 1500 malum
1536 1476 1752 1500 messurum

258 1544 339 1567 esse
372 1531 497 1567 addit.
561 1526 710 1568 Sartor
740 1544 762 1566 a
793 1530 996 1567 sarciendo
1030 1531 1146 1579 vulgo
1180 1530 1357 1577 ducitur,
1393 1535 1432 1567 et
1461 1535 1505 1568 ut
1541 1544 1753 1578 „consuere

258 1597 393 1635 dolos'‘
430 1602 539 1635 extat
573 1599 714 1647 Amph.
751 1599 828 1635 363
862 1611 933 1646 pro
966 1598 1194 1643 machinari.
1228 1600 1283 1635 ita
1316 1600 1432 1636 etiam
1467 1601 1610 1636 sarcire
1644 1599 1754 1636 dolos

260 1668 335 1703 «lici
367 1668 513 1716 possit,
548 1680 784 1716 quamquam
818 1668 948 1715 potius
981 1672 1120 1716 ruptos
1151 1666 1260 1703 dolos
1292 1666 1420 1704 denuo
1452 1671 1607 1704 nectere
1638 1668 1756 1716 signi—

260 1735 414 1782 ficaret3
462 1736 527 1771 sed
559 1734 645 1771 fieri
685 1748 760 1772 non
799 1736 949 1784 potuit,
998 1739 1042 1771 ut
1073 1735 1143 1772 hoc
1174 1737 1278 1771 inter
1308 1735 1499 1772 vocabula
1530 1736 1645 1784 longe
1679 1737 1756 1773 alio

260 1805 503 1853 pertinentia
547 1804 674 1850 (sator
707 1833 714 1840 .
743 1833 750 1839 .
778 1833 785 1840 .
820 1802 984 1849 messor)
1022 1805 1353 1853 interponeretur.
1429 1804 1638 1854 Suppetias
1681 1806 1759 1841 fert

518 1874 539 1887 ,ψ

262 1871 414 1908 Nonius
445 1886 483 1921 p.
524 1887 569 1908 ις
635 1871 838 1910 ..Sartores
880 1872 975 1909 dicti
1014 1885 1091 1909 non
1132 1873 1256 1909 solum
1296 1886 1318 1908 a
1359 1873 1581 1919 sarciendo,
1624 1887 1757 1910 verum

264 1940 382 1976 etiam
431 1954 451 1975 a
498 1938 687 1976 serendo‘⁴
738 1942 871 1985 (immo
913 1954 933 1976 a
972 1939 1183 1987 sariendo).
1260 1940 1407 1977 Praeter
1444 1941 1480 1977 h.
1523 1942 1547 1978 l.
1595 1941 1759 1978 affertur

267 2007 416 2054 „Varro
442 2007 648 2046 Vinalibus
672 2009 755 2058 περὶ
781 2008 1023 2057 ἅφροδισίωνς
1057 2008 1109 2045 Et
1140 2011 1241 2045 enim
1274 2010 1328 2046 sic
1359 2009 1470 2045 uide:
1504 2014 1635 2046 utrum
1660 2023 1758 2046 mer-

260 2075 394 2112 cedem
426 2077 566 2124 accipit
599 2078 651 2123 is,
699 2078 766 2125 qui
806 2090 910 2113 meas
941 2078 1049 2113 venit
1081 2081 1233 2126 segetes
1265 2081 1309 2113 ut
1341 2078 1481 2122 sariat,
1526 2091 1575 2113 an
1607 2089 1678 2125 ego
1712 2077 1759 2114 ab

260 2141 358 2180 illo?
420 2143 481 2181 Sic
512 2157 582 2193 ego
614 2157 691 2181 non
729 2142 846 2181 tuus“
894 2143 963 2191 (sic
1003 2141 1270 2193 scribendum)
1314 2148 1410 2191 „sim
1449 2148 1598 2192 sartor,
1646 2147 1678 2182 si
1716 2149 1760 2182 tu

261 2212 350 2261 plus
382 2212 540 2249 laboras
574 2225 692 2261 quam
725 2224 796 2260 ego
830 2212 921 2250 d0‘4.
984 2213 1099 2262 Apud
1133 2213 1389 2250 Columellam
1423 2214 1600 2260 sarritio,
1642 2215 1759 2250 sarri-

261 2283 370 2327 tura,
418 2281 622 2317 sarritoria
662 2293 783 2329 opera
823 2284 1048 2318 constanter
1089 2281 1294 2328 dicuntur3
1341 2282 1473 2318 Plauti
1504 2286 1542 2318 et
1572 2281 1760 2319 Varronis

261 2348 509 2398 temporibus
561 2350 680 2385 etiam
735 2353 925 2385 sartorem
982 2349 1130 2386 dictum
1186 2363 1270 2386 esse
1329 2350 1536 2397 videmus3
1597 2347 1763 2388 sariunt.

263 2420 392 2453 autem
425 2416 594 2465 simplici
625 2429 644 2452 r
675 2429 709 2453 v.
746 2418 823 2454 657
865 2420 1033 2454 metrum
1064 2417 1234 2467 flagitat,
1269 2423 1309 2455 et
1339 2419 1393 2455 sic
1426 2431 1582 2467 semper
1613 2417 1760 2455 dictum

264 2496 348 2520 esse
382 2484 554 2521 affirmat
599 2484 791 2522 Fleckeis.
839 2485 980 2521 Annal.
1039 2485 1164 2532 1868,
1219 2500 1256 2536 p.
1314 2488 1413 2533 212,
1470 2492 1507 2522 et
1562 2499 1608 2522 ex
1658 2487 1761 2533 glos-

264 2553 378 2590 sariis
423 2551 550 2589 Loewe
596 2552 774 2590 Analect.
821 2566 859 2602 p.
895 2554 988 2590 210.
1032 2572 1087 2577 —-
1137 2555 1228 2591 656.
1277 2551 1377 2592 Non
1422 2550 1623 2600 audebas,
1669 2554 1694 2590 i.
1728 2567 1760 2599 e,

264 2633 343 2657 non
374 2620 556 2667 volebas,
588 2633 623 2657 v.
658 2620 709 2657 ad
739 2620 847 2658 Asin.
882 2621 976 2658 473.
1018 2640 1073 2645 —
1119 2621 1353 2659 occatorem.
1414 2622 1540 2659 Varro
1573 2621 1620 2659 R.
1653 2621 1697 2659 R.
1731 2622 1760 2668 I,

267 2688 337 2724 31:
377 2700 536 2734 „occare
567 2689 592 2725 i.
627 2701 658 2726 e.
692 2690 975 2735 comminuere,
1007 2702 1056 2725 ne
1087 2690 1139 2725 sit
1170 2689 1305 2737 gleba3
1346 2690 1452 2738 quod
1481 2691 1537 2727 ita
1568 2690 1761 2736 occidunt,

265 2768 403 2792 occare
436 2752 612 2793 dicunt“.
672 2755 781 2793 Idem
823 2758 970 2805 repetit
1000 2756 1143 2794 Festus
1174 2770 1212 2806 p.
1250 2759 1348 2804 181,
1389 2756 1598 2806 additque:
1649 2771 1763 2804 „cum
