1897 3171
248 189 326 228 348
888 182 1092 217 Aulularia.

246 317 444 352 structura
473 313 647 361 vulgaris
678 313 885 359 sermonis,
928 325 1005 361 qua
1042 311 1260 348 subiectum
1291 311 1496 348 sententiae
1526 310 1732 360 pendentis

244 383 301 420 ita
332 383 585 431 anticipatur,
617 383 662 418 ut
691 381 886 418 obiectum
917 380 1089 429 regentis
1121 379 1323 416 sententiae
1346 378 1428 416 fiat.
1475 378 1587 425 Quod
1612 391 1732 427 quum

248 452 289 488 in
319 449 488 487 faciendi
518 448 638 485 verbo
670 449 878 498 saepissime
909 447 990 493 fiat,
1023 450 1067 483 ut
1096 446 1204 484 Asin.
1239 447 1304 483 28.
1349 446 1438 484 Aul.
1464 447 1557 484 435.
1616 445 1734 495 Epid.

249 520 339 557 597.
386 518 503 555 Most.
533 518 624 554 382.
671 516 756 554 Mil.
779 517 868 553 149.
901 515 1161 561 1249.1314,
1193 517 1277 551 tum
1308 513 1353 551 fit
1383 515 1501 552 etiam
1532 516 1573 552 in
1603 513 1733 551 verbis

245 586 474 632 voluntatis,
506 588 550 622 ut
574 585 611 623 h.
632 585 657 622 l.
676 588 714 622 et
728 584 833 621 Men.
854 585 952 621 750:
991 583 1181 632 „expetiit
1211 595 1284 629 me,
1315 586 1360 619 ut
1391 582 1440 619 ad
1472 595 1557 619 sese
1587 580 1731 628 irem“;

252 658 290 691 et
320 655 361 691 in
393 653 617 691 declarandi
648 656 687 690 et
717 651 909 689 sentiendi
941 651 1083 697 verbis,
1115 654 1160 687 ut
1175 650 1280 687 Men.
1300 650 1399 687 866:
1437 663 1509 697 „ne
1539 663 1601 687 me
1631 649 1733 686 indi-

247 723 354 768 cetis,
374 735 450 770 qua
465 722 596 771 platea
612 721 702 758 hinc
727 720 943 767 aufugerim
952 717 984 765 “,
1002 722 1047 755 ut
1068 732 1186 768 supra
1206 718 1295 756 534.
1343 717 1464 756 Most.
1483 719 1585 755 799:
1622 717 1735 763 „Non

248 794 292 827 tu
323 789 435 827 uides
465 789 586 834 hunc,
632 789 746 826 uoltu
782 792 828 824 ut
868 788 975 824 tristi
1016 787 1067 822 sit
1097 785 1265 823 senex?“
1330 785 1449 823 Merc.
1483 786 1584 822 474:
1637 785 1734 832 „Re-

247 857 416 908 sponde,
450 870 527 906 quo
557 857 637 894 leto
669 869 800 892 censes
832 868 905 901 me,
936 858 981 891 ut
1012 867 1167 903 peream
1198 852 1514 903 potissumum‘?“
1576 853 1733 892 Lucret.

246 926 314 973 III,
350 927 449 963 870:
488 924 578 971 „ubi
605 937 645 961 se
669 923 800 960 videas
824 922 1018 959 hominem
1044 921 1287 969 indignarier
1310 923 1439 972 ipsum
1463 924 1553 971 post
1569 924 1735 958 mortem

246 994 329 1032 fore
359 996 403 1030 ut
435 990 653 1041 putescat&
697 991 744 1029 cf.
770 990 900 1028 Madv.
928 989 993 1028 Gr.
1019 989 1106 1027 Lat.
1134 991 1214 1027 439
1248 994 1327 1028 not.
1360 992 1393 1027 1.
1428 1009 1478 1015 —
1514 990 1606 1027 663.
1639 988 1736 1027 Post

255 1059 318 1099 illi
363 1061 514 1107 hiatus,
561 1059 697 1108 Wagn.
742 1057 871 1105 „illic“
914 1059 1090 1108 scripsit,
1139 1060 1250 1107 quasi
1293 1057 1458 1104 „illice“,
1504 1061 1548 1094 ut
1585 1057 1734 1095 Ritsch.

248 1130 353 1167 Men.
390 1131 465 1166 304
501 1129 570 1174 al.;
617 1127 683 1164 sed
714 1127 807 1164 talis
839 1126 965 1164 forma
996 1126 1089 1162 ferri
1120 1127 1186 1162 vix
1217 1129 1359 1175 potest.
1421 1126 1592 1171 Muller„
1624 1125 1734 1163 Pros.

247 1212 285 1248 p.
306 1199 382 1235 537
417 1194 558 1243 „mihi“
588 1200 679 1245 post
707 1193 846 1241 „fecit“
878 1194 1009 1240 addit,
1042 1194 1108 1231 Fr.
1132 1193 1214 1240 „illi
1239 1192 1343 1231 aui“.
1376 1214 1431 1219 --
1464 1195 1556 1232 664.
1591 1191 1735 1240 dicam,

250 1267 348 1314 παρὰ
390 1265 610 1313 προςδοκιάν.
698 1262 990 1312 Expectabatur
1039 1260 1244 1309 „faciam“,
1300 1262 1368 1299 sed
1420 1275 1562 1299 avarus
1607 1262 1736 1308 homo,

250 1335 316 1383 qui
356 1334 452 1370 nihil
483 1332 648 1382 perdere
680 1334 868 1378 sustinet,
916 1344 964 1367 ne
996 1343 1111 1367 corvo
1144 1330 1313 1378 quidem,
1355 1330 1461 1380 quod
1500 1331 1601 1376 edat,
1643 1330 1736 1366 dare

249 1403 344 1440 vult.
379 1399 492 1439 duim
518 1404 556 1438 et
578 1397 777 1449 perdum
801 1398 949 1436 Camer.
970 1412 1063 1444 em.;
1097 1398 1337 1435 coniunctivi
1362 1399 1601 1448 potentiales
1633 1401 1735 1445 sunt,

250 1470 383 1508 Madv.
417 1470 482 1507 Gr.
516 1468 604 1506 Lat.
639 1469 717 1505 350
749 1467 785 1504 b.
848 1464 932 1505 edit
969 1468 1259 1511 coniunctivus,
1305 1470 1349 1503 ut
1388 1466 1494 1504 Trin.
1532 1467 1621 1504 102.
1655 1467 1734 1503 473

253 1552 339 1588 sqq.
387 1538 462 1575 Cic.
488 1537 574 1574 Fin.
600 1536 648 1582 II,
683 1538 719 1582 7,
754 1536 804 1572 22
838 1548 923 1571 cum
954 1538 1034 1572 not.
1054 1535 1184 1571 MadV.
1220 1554 1267 1559 —
1306 1536 1397 1572 665.
1430 1531 1561 1584 60ῃὶΐο
1594 1531 1737 1581 locum,

252 1608 276 1644 i.
297 1620 329 1644 e.
363 1607 553 1655 excogito,
587 1604 762 1641 invenire
793 1603 942 1640 studeo,
975 1623 1031 1627 —
1063 1603 1155 1640 666.
1192 1598 1393 1640 Siluanus
1424 1602 1530 1652 apud
1561 1601 1737 1639 Graecum

252 1678 449 1711 auctorem
488 1673 652 1710 sortasse
692 1671 772 1708 Pan
817 1671 903 1708 fuit.
965 1667 1081 1709 lucus
1128 1674 1166 1708 et
1206 1668 1328 1709 auius
1367 1671 1494 1708 Nonio
1535 1670 1739 1717 debentur,

253 1744 319 1792 qui
351 1756 387 1791 p.
409 1743 486 1778 396
517 1736 736 1786 „Sumere“
765 1739 862 1776 dicit
891 1743 973 1785 „est
1005 1741 1122 1776 etiam
1155 1736 1341 1786 eligere‘st
1360 1759 1414 1763 —
1441 1738 1532 1776 667.
1563 1738 1738 1775 Nonius:

257 1810 425 1847 x>Creber
457 1809 598 1846 salictu
630 1808 804 1857 opletus3
852 1806 946 1845 ibi“.
987 1827 1042 1832 —-
1083 1808 1174 1844 668.
1231 1802 1397 1845 Certum
1435 1805 1514 1854 est,
1566 1803 1740 1854 credam,

253 1879 298 1916 cf.
334 1879 426 1915 673.

366 1947 457 1983 660.
506 1945 715 1993 Postquam
758 1942 898 1980 Euclio
945 1942 1062 1992 abiit,
1110 1942 1329 1989 Strobilus,
1377 1943 1445 1991 qui
1490 1942 1609 1979 verba
1657 1943 1739 1979 eius

254 2015 424 2063 excepit,
472 2012 704 2061 triumphat.
772 2006 910 2059 Euae,
958 2020 1073 2059 eugye,
1121 2011 1210 2047 olim
1251 2010 1511 2047 emendatum.
1551 2030 1607 2034 —
1647 2011 1740 2047 670.

242 2091 503 2129 proefflrrcmc
543 2080 625 2117 cod.
657 2079 676 2116 Ι
714 2080 913 2127 ceterique
959 2079 1055 2116 dett.
1093 2098 1149 2102 —
1191 2080 1283 2115 671.
1333 2073 1517 2127 Indeque
1568 2079 1742 2126 priorem

254 2150 426 2198 corripit,
461 2148 506 2185 cf.
542 2149 632 2185 699.
669 2148 761 2185 358.
807 2147 985 2196 Prolegg.
1012 2160 1050 2196 p.
1079 2148 1171 2184 203.
1219 2145 1349 2183 Guiet.
1386 2146 1546 2194 aliique:
1586 2142 1740 2190 .,i11de“.

251 2217 344 2254 Post
378 2214 643 2264 „obse1·uabo“
678 2215 809 2252 hiatus
841 2216 880 2251 iu
905 2227 1071 2260 caesura3
1103 2215 1260 2251 Miiller.
1283 2216 1438 2262 „Atque
1456 2212 1571 2249 inde“
1600 2213 1741 2249 voluit.

250 2304 305 2310 --
338 2286 431 2322 672.
465 2294 527 2321 me
559 2293 651 2320 erus
684 2297 768 2320 cum
800 2283 908 2319 hiatu
939 2282 1166 2331 legendum,
1200 2295 1234 2318 V.
1268 2282 1451 2330 Prolegg.
1484 2295 1522 2330 p.
1557 2282 1650 2318 220.
1683 2300 1739 2305 —-

257 2354 349 2390 (573.
381 2349 532 2389 malam
564 2361 647 2388 rem
680 2361 883 2400 quaeram,
916 2364 951 2387 v.
986 2352 1079 2387 475.

371 2421 463 2457 674.
495 2419 714 2468 Lyconides
747 2419 975 2456 adulescens
1006 2418 1208 2455 Eunomiae
1240 2420 1355 2455 matri
1386 2431 1463 2454 suae
1496 2418 1671 2454 narravit
1701 2429 1742 2453 se

252 2489 455 2525 Euclionis
492 2488 614 2524 filiam
653 2488 947 2536 compressisse,
995 2487 1154 2535 agitque
1205 2500 1291 2523 cum
1332 2499 1395 2531 ea,
1442 2490 1486 2522 ut
1524 2484 1741 2532 Megadoro

251 2557 501 2606 persuadeat,
534 2560 579 2592 ut
611 2555 684 2592 sibi
714 2555 885 2604 puellam
918 2554 1042 2591 cedat.
1104 2550 1231 2591 quta
1254 2564 1421 2600 mecum,
1453 2567 1531 2590 una
1555 2566 1641 2589 cum
1667 2565 1739 2598 me,

251 2629 333 2661 tam
361 2625 456 2661 bene
483 2637 597 2672 quam
624 2636 705 2673 ego,
740 2623 786 2660 cf.
805 2623 890 2660 Mil.
912 2623 1003 2659 236.
1051 2622 1191 2659 Pseud.
1216 2624 1333 2660 1159.
1380 2621 1489 2658 Pers.
1510 2622 1602 2658 250.
1645 2619 1739 2657 Sall.

253 2692 338 2730 Cat.
368 2694 437 2730 58:
476 2694 610 2738 „iuxta
634 2704 783 2728 mecum
811 2703 942 2728 omnes
968 2688 1234 2737 intelligitis“.
1280 2690 1429 2726 Nonius
1453 2702 1490 2738 p.
1513 2690 1590 2725 322
1614 2688 1741 2733 „simi-

253 2758 368 2797 liter“
404 2762 706 2810 interpretatur,
748 2759 849 2796 hunc
880 2771 1031 2795 versum
1065 2757 1230 2794 afferens
1261 2758 1316 2794 ita
1346 2760 1391 2794 ut
1425 2769 1599 2803 „mecum
1631 2752 1738 2792 rem“
