1897 3171
256 202 335 240 520
927 193 1080 238 Captiui.

255 330 363 364 recte
395 338 520 373 neque
559 337 649 360 vere
682 323 728 360 ad
768 323 841 360 hoc
880 328 1033 371 tenipus
1073 335 1253 371 umquam
1294 321 1447 366 fecisse,
1495 334 1580 357 cum
1620 323 1661 356 tu
1704 320 1750 355 id.

257 392 417 431 dicas?“
475 392 552 429 Sed
583 405 653 428 nec
675 392 768 428 talis
793 392 1031 428 constructio
1056 391 1299 439 paratactica
1331 387 1543 435 (credisne,
1577 386 1749 438 pudeat)

258 463 352 498 ferri
383 464 526 511 potest,
560 473 630 496 nec
661 460 729 496 illa
762 461 961 496 sententia
993 459 1088 495 satis
1120 462 1211 506 apta
1237 462 1306 494 est.
1354 457 1516 494 Plautus
1543 458 1745 505 scripsisse

256 530 435 566 videtur:
473 527 603 574 „credi
633 525 819 576 pudeat“‚
853 529 935 564 sine
966 528 1290 576 interrogatione.
1348 525 1472 573 Hegio
1504 524 1744 572 Stalagmum

257 599 370 634 iussit
400 611 493 634 vera
524 596 673 642 dicere,
722 608 955 644 quamquam
989 595 1061 631 hoc
1094 608 1303 643 numquam
1335 599 1424 630 ante
1455 593 1629 639 fecisset,
1677 607 1745 629 nec

258 667 477 715 Stalagmus
509 665 580 701 hoc
611 668 752 711 negat,
802 665 918 700 immo
949 663 1156 711 gloriatur.
1232 662 1403 698 Puderet
1434 675 1506 706 me,
1539 662 1680 710 inquit,
1714 663 1746 697 si

257 735 352 771 meis
384 733 514 770 verbis
545 731 642 769 fides
673 732 895 768 haberetur.
944 730 1018 767 Sed
1051 730 1200 776 ultima,
1236 740 1355 778 quom
1380 729 1574 775 statimne-5,
1607 729 1673 765 ubi
1699 742 1747 765 ne

258 802 455 839 obiectum
488 800 645 850 quidem
678 799 854 845 additur,
896 799 1118 847 intelligere
1150 811 1313 847 nequeo.
1346 818 1400 822 —-
1433 799 1525 834 957.
1558 793 1748 834 ruborem

258 874 350 907 cett.
384 869 517 915 codd.;
563 866 609 905 in
639 878 671 905 r.
706 863 821 913 dabo,
858 881 892 904 v.
934 866 984 903 ad
1022 868 1130 903 Asin.
1164 867 1257 903 423.
1333 866 1579 902 Erubescunt
1618 869 1746 901 autem

258 942 299 975 et
337 951 435 987 quos
476 937 600 985 pudet
641 940 678 972 et
717 937 782 985 qui
829 936 948 983 virgis
988 934 1202 971 caedun‘tur.
1242 955 1298 959 —
1343 936 1435 972 958.
1483 934 1562 979 An,
1605 934 1745 982 inquit,

258 1007 461 1055 plagarum
502 1018 559 1041 me
601 1006 828 1054 imperitum
862 1016 1011 1049 censes,
1061 1003 1164 1051 quod
1202 1016 1261 1039 me
1301 1002 1399 1039 tales
1439 1006 1563 1040 minas
1609 1005 1748 1040 timere

257 1073 402 1123 putas?
443 1093 500 1098 —-
547 1074 640 1110 959.
689 1073 824 1109 Versui
865 1071 1016 1120 syllaba
1054 1071 1181 1117 deest3
1229 1071 1342 1108 Both.
1396 1071 1526 1116 „dice“
1579 1073 1746 1122 scripsit,

259 1142 363 1191 quod
412 1154 528 1191 quom
576 1146 665 1177 ante
714 1143 989 1177 consonantem
1035 1140 1128 1188 poni
1178 1152 1253 1175 non
1301 1139 1459 1186 debeat,
1510 1140 1669 1177 Becker.
1710 1141 1749 1177 in

259 1210 432 1247 Studem.
474 1209 584 1247 Stud.
626 1209 661 1254 I,
709 1222 747 1258 p.
794 1210 868 1245 129
922 1208 982 1253 „id
1036 1206 1120 1244 dic‘'
1171 1208 1314 1252 voluit,
1369 1207 1575 1253 Schmidt„
1631 1208 1748 1246 Pron.

259 1278 474 1315 demonstr.
508 1291 545 1327 p.
580 1279 651 1314 79:
690 1274 877 1321 ,.istaec“.
904 1297 958 1300 —
991 1274 1120 1325 aufer,
1161 1289 1195 1313 V.
1231 1275 1277 1311 ad
1310 1276 1396 1311 Aul.
1432 1278 1522 1314 630.
1556 1297 1611 1301 —-
1650 1274 1752 1324 (Jm'd

257 1343 363 1394 fers,
412 1346 507 1395 quid
555 1345 748 1395 postulati
791 1345 932 1381 adfers.
1009 1340 1141 1390 feras,
1189 1343 1356 1381 auferas.
1406 1364 1454 1369 —
1503 1345 1595 1381 960.
1644 1342 1749 1382 dicta

260 1411 463 1463 conpendi
494 1414 677 1459 Bothius,
718 1415 903 1462 quoniam
944 1412 1120 1449 codicum
1151 1413 1384 1461 scripturam
1418 1426 1553 1449 versus
1585 1414 1748 1461 respuit,

258 1496 293 1520 v.
329 1483 377 1519 ad
416 1483 524 1519 Asin.
561 1484 653 1519 305.
703 1501 759 1506 -—
806 1483 899 1518 961.
948 1480 1057 1526 Quod
1104 1493 1143 1516 se
1189 1480 1343 1517 facilem
1390 1481 1429 1516 in
1474 1481 1749 1530 respondendo

260 1551 431 1601 praebuit
472 1550 713 1599 Stalagmus,
762 1550 885 1599 Hegio
929 1545 1080 1596 .‚Olim“
1126 1548 1253 1596 inquit
1299 1561 1422 1597 „puer
1460 1550 1573 1586 facile
1604 1562 1751 1586 morem

261 1620 380 1669 gessit
420 1619 596 1668 roganti,
638 1619 661 1656 i.
697 1631 728 1656 e.
761 1617 980 1667 impudicus
1014 1617 1106 1661 fuit3
1150 1619 1337 1653 maiorem
1378 1622 1471 1654 natu
1512 1631 1588 1654 non
1629 1617 1751 1656 decet.

259 1707 315 1713 -·—
348 1688 441 1724 962.
490 1697 536 1724 αθ
566 1687 658 1723 olim
690 1686 950 1723 emendatum.
991 1705 1045 1710 —
1087 1686 1179 1722 963.
1227 1695 1276 1721 ex
1307 1684 1552 1722 Camerarius
1585 1686 1751 1724 addidit.

263 1755 302 1793 Si
336 1769 427 1792 vera
458 1756 606 1801 fateris,
640 1756 780 1804 inquit,
814 1755 953 1791 malam
980 1758 1086 1790 tuam
1112 1752 1380 1790 condicionem
1405 1754 1524 1803 paulo
1553 1754 1753 1791 meliorem

262 1824 414 1860 reddes,
465 1843 513 1848 ——
572 1825 664 1861 964.
712 1820 812 1872 quid
856 1820 1023 1871 diffluis,
1078 1835 1112 1858 v.
1161 1821 1209 1858 ad
1254 1822 1364 1858 Asin.
1418 1823 1506 1860 148.
1561 1842 1614 1847 —
1660 1824 1752 1859 965.

253 1890 368 1940 potis
399 1903 443 1929 63
474 1893 566 1929 olim
600 1891 862 1928 emendatum.
895 1910 949 1915 —
986 1899 1121 1938 pauca
1161 1890 1228 1927 ele.
1292 1889 1338 1926 Se
1377 1891 1460 1940 ipse
1498 1890 1754 1939 reprehendit

262 1962 410 1996 veritus
441 1973 489 1996 ne
519 1961 681 1997 nimium
713 1961 941 2009 promisisse
973 1958 1164 1994 videatur.
1193 1979 1245 1983 —-
1274 1959 1353 1995 966
1386 1971 1470 2007 sqq.
1502 1971 1637 1995 verum
1668 1971 1754 1994 ver-

264 2042 375 2065 suum
408 2028 584 2065 ordinem
617 2027 709 2064 Pius
741 2029 929 2064 restituit.
962 2047 1017 2052 —
1050 2027 1142 2063 967.
1176 2037 1246 2075 esso
1277 2040 1413 2063 versus
1440 2040 1553 2063 causa
1579 2026 1636 2064 Fl.
1664 2025 1753 2063 add.

262 2096 327 2134 ΒΓ.
364 2096 487 2142 ..Quia
518 2094 641 2143 fugi“.
674 2115 730 2121 -—
762 2097 854 2133 968.
897 2092 1237 2141 Theodoromedi,
1280 2094 1325 2132 of.
1360 2096 1452 2132 629.
1518 2091 1755 2145 Polyplnsio

263 2164 310 2202 cf.
347 2166 439 2202 276.
471 2184 528 2188 -
560 2165 653 2201 970.
689 2165 731 2201 tu
763 2178 834 2202 em.
867 2164 981 2202 Weil.
1016 2166 1056 2201 in
1087 2164 1227 2200 Annal.
1262 2162 1358 2212 phil.
1399 2163 1515 2209 1864,
1548 2177 1587 2213 p.
1610 2164 1675 2200 49.
1702 2184 1757 2188 —-

265 2234 341 2270 971
385 2246 442 2281 sq.
484 2232 658 2281 Uterque
697 2246 832 2269 versus
874 2232 1023 2269 hiatum
1065 2232 1102 2268 in
1143 2232 1297 2268 diaeresi
1337 2231 1472 2277 habet,
1521 2245 1755 2280 quamquam

263 2302 435 2350 priorem
468 2300 642 2338 Studem.
676 2301 817 2337 Annal.
851 2300 946 2350 phil.
979 2299 1118 2345 XCIII,
1151 2314 1188 2349 p.
1225 2300 1389 2337 &iasine
1420 2300 1528 2336 hiatu
1560 2300 1667 2347 legit,
1700 2303 1757 2337 ita

265 2374 308 2406 ut
339 2380 473 2406 meum
504 2369 760 2417 dissyllabum
792 2368 871 2406 fiat.
906 2389 958 2393 —-
989 2366 1150 2416 aenium
1186 2368 1276 2404 olim
1309 2367 1558 2404 emendatum
1591 2372 1659 2404 est.

379 2440 472 2476 975.
510 2434 642 2486 Quam
673 2435 745 2474 diu
775 2435 822 2474 ‘id
850 2433 1006 2484 factzcm
1030 2434 1118 2474 est?
1152 2436 1198 2473 cf.
1225 2436 1330 2473 Pers.
1351 2437 1451 2473 819:
1490 2436 1580 2481 „diu
1612 2436 1756 2472 factum

266 2512 325 2543 est
365 2512 573 2556 postquam
612 2506 823 2542 bibimus“.
905 2505 997 2542 Cist.
1043 2505 1138 2541 153:
1191 2505 1343 2551 „Fuere
1381 2503 1537 2552 Sicyoni
1575 2505 1651 2540 iam
1691 2504 1757 2540 diu

266 2574 496 2623 Dionysia“.
566 2574 684 2611 Poen.
719 2575 791 2611 94:
845 2574 1131 2622 „conmigrauit
1168 2574 1208 2609 in
1241 2572 1480 2621 Calydonem
1512 2572 1615 2608 haud
1647 2570 1755 2609 diu“.

266 2642 454 2679 Similiter
500 2656 640 2691 „quam
673 2640 861 2689 dudum“,
909 2655 943 2678 v.
985 2641 1033 2677 ad
1072 2641 1212 2689 Amph.
1248 2642 1340 2678 685.
1381 2660 1434 2664 -
1480 2637 1755 2686 uicere-sumus,

266 2710 313 2747 de
358 2711 430 2748 hac
474 2711 599 2747 forma
644 2711 690 2748 cf.
740 2710 918 2748 Corssen.
959 2708 1204 2758 Aussprache
1245 2709 1280 2746 d.
1317 2708 1402 2745 Lat.
1440 2709 1476 2754 I,
1519 2721 1557 2756 p.
1592 2708 1656 2745 98.
1703 2726 1759 2732 -—

267 2781 362 2816 977.
386 2776 661 2827 peculiarem,
702 2793 736 2817 v.
772 2780 835 2816 20.
884 2778 976 2815 Mox
1012 2775 1221 2827 ..paruolo“
1265 2790 1309 2813 ex
1349 2777 1587 2825 interpolato
1625 2776 1764 2813 codice·
