1854 3188
157 188 201 231 V,
217 189 250 230 4,
267 188 388 230 26-5,
403 189 423 221 S
829 187 983 230 Captiui.
1568 192 1648 230 207

154 313 280 355 Nunc
312 312 465 366 edepol
496 312 666 354 demum
697 313 740 353 in
771 313 1023 353 memoriam
1052 312 1284 364 regredior,
1317 313 1493 355 audisse
1525 328 1592 356 me

157 385 289 435 Quasi
319 399 397 439 per
427 383 629 426 nebulam
661 384 896 438 Hegionem
930 398 1070 425 meum
1102 390 1271 438 patrem
1302 386 1511 427 uocarier.

819 456 986 509 Hegio

154 528 196 570 Is
229 542 306 582 ego
339 543 447 570 sum.

730 600 1079 642 Philocrates

444 671 731 727 Conpedibus,
765 687 938 727 quaeso,
972 677 1018 714 ut
1049 673 1129 714 tibi
1161 673 1215 715 sit
1247 673 1384 715 leuior
1416 672 1529 715 filius
1563 684 1650 717 1020

154 747 296 800 Atque
328 745 396 786 hic
427 746 602 799 grauior
635 759 796 787 seruos.

816 817 982 870 Hegio

789 888 1010 931 Certumst
1043 890 1253 944 principio
1286 889 1330 931 id
1363 892 1649 945 praeuortier.

155 961 316 1004 Eamus
347 962 474 1014 intro,
505 966 551 1003 ut
585 964 836 1003 arcessatur
866 961 999 1012 faber⁷
1031 967 1080 1004 ut
1111 964 1217 1004 istas
1250 962 1464 1017 conpedes

157 1034 254 1076 Tibi
287 1034 489 1085 adimam,
520 1032 619 1074 huic
652 1033 759 1074 dem.

751 1104 1060 1159 Stalagmus

761 1175 870 1226 Quoi
902 1177 1046 1232 peculi
1076 1178 1185 1220 nihil
1217 1182 1297 1230 est,
1330 1182 1449 1220 recte
1481 1178 1649 1221 feceris.

764 1369 1041 1413 CATERUA.

155 1473 447 1526 Spectatores,
479 1472 535 1515 acl
566 1473 748 1527 pudicos
779 1487 921 1515 mores
953 1474 1068 1516 facta
1102 1475 1208 1516 haec
1241 1474 1444 1516 fabulast.

152 1545 302 1599 Neque
334 1546 378 1586 in
409 1545 490 1586 hac
521 1545 852 1599 subigitationes
885 1551 985 1587 sunt
1016 1560 1154 1599 neque
1187 1546 1277 1588 ulla
1308 1547 1469 1588 amatio
1562 1558 1647 1592 1025

151 1617 241 1658 Nec
272 1617 395 1671 pueri
426 1617 669 1671 suppositio
700 1631 778 1659 nec
809 1619 975 1670 argenti
1008 1618 1331 1669 circumductiQ

151 1688 301 1742 Neque
349 1689 423 1730 ubi
463 1702 611 1730 amans
651 1689 904 1732 adulescens
945 1696 1135 1732 scortum
1173 1690 1330 1732 liberet
1371 1691 1482 1732 clam
1520 1705 1646 1732 suum

1104 1768 1285 1816 patrem.

150 1833 290 1875 Huius
322 1833 439 1875 modi
470 1848 632 1888 paucas
665 1838 818 1887 poetae
850 1835 1069 1888 reperiunt
1101 1835 1357 1885 comoedias,

149 1904 233 1946 Ubi
264 1905 365 1946 boni
396 1905 596 1947 meliores
628 1905 747 1947 fiant.
808 1905 931 1947 Nunc
965 1921 1055 1958 uos,
1089 1907 1125 1947 si
1156 1907 1280 1948 uobis
1312 1906 1456 1961 placet

150 1976 207 2018 Et
232 1977 267 2018 si
290 1977 532 2031 placuimus
556 1991 697 2031 neque
726 1977 823 2020 odio
850 1978 1025 2030 fuimus,
1059 1979 1229 2031 signum
1247 1978 1327 2020 hoc
1345 1979 1523 2020 mittite:
1557 1990 1645 2024 1030

151 2047 232 2098 Qui
263 2049 499 2103 pudicitiae
531 2063 624 2091 esse
654 2049 786 2091 uoltis
819 2051 1070 2105 praemium⁷
1103 2051 1302 2104 plausum
1335 2050 1448 2092 date.

243 2204 328 2238 1018
354 2204 538 2238 audissem
562 2215 620 2238 me
692 2205 779 2239 1020
802 2203 841 2238 Is
867 2215 933 2240 om.
1011 2206 1093 2240 1021
1119 2205 1342 2250 principium
