1854 3188
135 165 139 168 ι
173 190 238 236 IV,
251 193 283 236 4,
296 193 429 227 '71—-81
812 191 1028 226 Bacchides.
1587 195 1663 233 107

772 316 803 359 C
815 316 844 359 h
854 331 875 358 r
886 332 912 372 y
925 331 943 359 s
956 316 1042 358 alu
1053 331 1072 359 s

1158 389 1243 430 Res
1275 390 1400 431 itast:
1433 389 1517 431 dici
1548 389 1664 431 uolo.

172 460 338 513 Nescis,
360 460 464 515 quid
489 475 566 516 ego
585 466 761 504 acturus
782 461 862 502 sim
879 474 1019 515 neque
1036 459 1205 502 facinus
1225 466 1433 515 quantum
1450 461 1664 503 exordiar.

728 543 1098 586 Mnesilochus

175 615 290 659 Cedo
306 630 483 659 manum
501 631 552 659 ao
570 617 834 671 subsequere
851 616 1030 670 propius
1047 630 1115 658 me
1134 615 1324 658 adforis.
1356 616 1474 658 Intro
1488 617 1664 671 inspice.

773 703 1070 758 Chrysalus

172 776 308 829 Euax,
332 778 460 820 nimis
485 776 625 819 bellus
653 780 782 830 atque
807 780 857 818 ut
881 789 974 817 esse
998 789 1196 817 maxume
1222 776 1426 830 optabam
1441 776 1574 818 locus.
1601 788 1665 821 721

748 863 1095 905 Pistoclerus

174 934 295 985 Quae
326 936 352 989 †
382 936 652 991 inperauisti.
713 936 967 990 Inperatum
997 935 1107 977 bene
1138 935 1262 977 bonis
1295 933 1457 977 factum
1488 935 1643 977 ilicost.

768 1022 1071 1077 Chrysalus

173 1094 286 1145 Quid
315 1095 512 1150 parasti?

753 1167 1096 1210 Pistoclerus

615 1239 732 1290 Quae
765 1253 920 1294 parare
952 1244 1000 1281 tu
1032 1239 1201 1281 iussisti
1232 1239 1384 1280 omnia.

776 1322 1071 1378 Chrysalus

171 1394 287 1450 Cape
321 1395 462 1438 stilum
495 1410 680 1451 propere
712 1400 755 1437 et
785 1395 972 1437 tabellas
1003 1399 1052 1437 tu
1082 1394 1160 1436 has
1190 1395 1283 1436 tibi.

735 1482 1104 1524 Mnesilochus

1342 1553 1453 1604 Quid
1484 1556 1664 1608 postea?

773 1626 1062 1680 Chrysalus

172 1696 295 1746 Quod
323 1697 496 1750 iubebo,
528 1698 705 1740 scribito
737 1699 854 1751 ist-ic3
886 1712 987 1740 nam
1019 1702 1252 1752 propterea
1283 1701 1319 1739 te
1349 1697 1449 1739 uolo
1599 1710 1664 1742 725

170 1768 379 1822 Scribere,
410 1774 459 1812 ut
490 1775 615 1824 pater
646 1776 880 1824 cognoscat-
912 1771 1096 1822 litteras,
1130 1770 1304 1824 quando
1331 1771 1459 1823 legat.

171 1840 332 1883 Scribe.

735 1914 1102 1956 Mnesilochus

403 1986 516 2036 Quid
547 1986 763 2028 scribam?

769 2057 1062 2113 Chrysalus

828 2130 1023 2172 Salutem
1053 2134 1128 2172 tuo
1160 2130 1274 2184 patri
1306 2129 1453 2172 uerbis
1484 2131 1583 2171 tuis.

749 2218 1091 2260 Pistoclerus

172 2289 285 2340 Quid
316 2290 353 2332 si
383 2291 528 2345 potius
560 2290 758 2332 morbum
790 2295 832 2331 et
864 2294 1049 2331 mortem
1073 2289 1264 2331 scribat?
1310 2289 1359 2330 Id
1386 2290 1468 2331 erit
1492 2289 1663 2330 rectius.

737 2376 1106 2418 Mnesilochus

171 2448 235 2490 Ne
265 2449 523 2492 interturba.
556 2473 610 2478 —
640 2449 732 2491 Iam
764 2450 1011 2503 inperatum
1043 2450 1086 2490 in
1120 2463 1221 2491 cera
1250 2450 1375 2490 inest.

769 2534 1065 2590 Chrysalus

1108 2608 1199 2659 Dic,
1233 2621 1359 2662 quem
1390 2605 1445 2647 ad
1476 2605 1662 2646 modum.

263 2777 329 2811 720
352 2776 447 2812 fores
542 2779 609 2812 724
632 2781 713 2812 tuas
739 2777 808 2811 tibi
903 2779 967 2811 725
993 2781 1030 2812 te
1056 2787 1121 2812 om.
1196 2777 1263 2810 728
1289 2780 1325 2809 et
1349 2784 1416 2809 om.
1449 2774 1475 2809 C
