1897 3171
240 191 322 229 234
923 184 1047 219 Plauti
1509 183 1557 225 ΙΙ,
1573 185 1602 224 3,
1617 185 1729 218 3—24

238 312 303 354 Ne
337 326 462 366 quem
500 311 544 353 in
583 325 710 352 cursu
743 311 884 366 capite
917 315 992 353 aut
1023 310 1170 352 cubito
1202 313 1278 351 aut
1306 312 1483 364 pectore
1515 308 1729 352 offendam

1190 385 1265 423 aut
1295 395 1425 435 genu3

239 455 308 497 Ita
331 469 444 497 nunc
469 455 659 497 subitum
675 470 860 510 propere
880 460 923 496 et
941 455 1080 496 celere
1099 453 1358 495 obiectumst
1374 453 1478 494 mihi
1494 454 1728 507 negotium.

240 527 330 569 Nec
363 528 593 581 quisquam
624 528 679 568 sit
711 532 799 568 tam
834 527 1075 581 opulentus,
1110 526 1182 578 qui
1213 525 1318 566 mihi
1351 524 1539 567 obsistat
1569 526 1613 566 in
1643 526 1729 576 uia⁷

238 600 327 641 Nec
357 603 573 652 strategus
603 613 682 640 nec
713 603 926 653 tyrannus
959 599 1188 652 quisquam
1213 611 1352 652 neque
1379 611 1666 650 agoranomus

238 670 329 712 Nec
361 670 616 712 demarchus
648 684 728 712 nec
761 669 1024 717 comarchus,
1057 683 1136 711 nec
1169 683 1266 710 cum
1297 673 1421 710 tanta
1453 668 1601 722 gloria,
1665 681 1730 714 286

243 742 353 793 Quin
386 743 525 792 eadat,
558 743 661 795 quin
694 742 834 796 capite
867 743 992 783 sistat
1022 743 1065 783 in
1096 742 1169 782 uia
1201 741 1252 782 de
1286 741 1452 782 semita.

242 815 351 856 Tum
381 815 456 857 isti
489 815 644 856 Graeci
676 813 858 868 palliati,
893 815 1036 868 capite
1070 817 1220 868 operto
1253 813 1327 867 qui
1358 812 1594 863 ambulant,

241 885 323 936 Qui
353 887 558 928 incedunt
590 885 857 928 suffarcinati
890 900 984 927 cum
1014 885 1150 936 libris,
1184 899 1280 926 cum
1312 885 1533 939 sportulis,

244 958 469 1011 Constant,
502 958 729 1000 conferunt
761 972 980 1000 sermones
1011 958 1125 999 inter
1157 971 1246 998 sese
1278 957 1497 1011 drapetae,
1667 968 1733 1001 290

241 1030 442 1080 Obstant,
477 1031 703 1081 obsistunt,
735 1030 942 1071 incedunt
974 1043 1071 1071 cum
1103 1030 1191 1071 suis
1225 1030 1462 1071 sententiis.

241 1102 378 1156 [Quos
412 1117 580 1157 semper
610 1103 760 1144 uideas
792 1102 991 1144 bibentes
1024 1116 1117 1143 esse
1149 1103 1192 1143 in
1224 1100 1545 1156 thermopolio.]

240 1174 326 1217 Ubi
358 1175 460 1228 quid
492 1175 757 1228 subripuere,
790 1180 940 1229 operto
975 1173 1166 1229 capitulo
1199 1173 1385 1215 calidum
1418 1173 1595 1224 bibunt;

240 1246 405 1288 Tristes
437 1251 568 1300 atque
601 1247 753 1288 ebrioli
784 1247 1011 1297 incedunt3
1045 1261 1117 1289 eos
1150 1260 1228 1299 ego
1262 1246 1296 1287 si
1329 1244 1558 1295 offendero,

238 1318 306 1359 Ex
337 1333 422 1360 uno
455 1333 627 1373 quoque
660 1333 808 1360 eorum
842 1320 1055 1360 excutiam
1088 1319 1297 1372 crepitum
1331 1317 1633 1371 polentarium.
1669 1328 1734 1362 295

240 1390 349 1432 Tum
380 1391 454 1432 isti
487 1391 560 1445 qui
591 1390 747 1432 ludunt
779 1391 962 1433 datatim
995 1391 1110 1433 serui
1142 1403 1390 1432 scurrarum
1422 1390 1464 1430 in
1496 1390 1580 1437 uia,

239 1463 296 1504 Et
329 1463 503 1505 datores
536 1468 578 1505 et
609 1463 796 1505 factores
829 1465 964 1506 omnis
998 1463 1180 1505 subdam
1211 1462 1288 1504 sub
1322 1462 1473 1504 solum.

239 1534 423 1577 Proinde
458 1549 502 1577 se
535 1535 649 1577 domi
682 1535 944 1587 contineant,
976 1536 1115 1577 uitent
1145 1535 1395 1576 infortunio.

796 1630 1168 1673 Phaedromus

236 1702 371 1743 Recte
404 1702 472 1743 hic
504 1706 730 1753 monstrat,
772 1703 807 1744 si
838 1704 1036 1756 inperare
1069 1703 1225 1757 possit3
1265 1715 1365 1743 nam
1402 1702 1465 1743 ita
1495 1714 1609 1743 nunc
1640 1715 1733 1743 mos

1193 1775 1322 1828 uiget7

237 1846 305 1887 Ita
335 1861 448 1888 nunc
475 1847 765 1889 seruitiumst:
799 1845 994 1901 profecto
1019 1845 1173 1888 modus
1197 1845 1350 1887 haberi
1373 1859 1458 1887 non
1482 1849 1639 1899 potest.
1666 1856 1732 1890 300

857 1941 1118 1983 Curculio

238 2011 399 2065 Ecquis
419 2015 577 2066 esthui
595 2013 699 2055 mihi
719 2017 1013 2055 conmonstret
1029 2012 1350 2054 Phaedromum
1369 2012 1543 2066 genium
1559 2012 1731 2053 meum?

237 2084 305 2125 Ita
336 2099 402 2126 res
435 2085 645 2128 subitast:
681 2086 879 2128 celeriter
910 2084 1014 2126 mihi
1045 2084 1217 2126 homine
1251 2088 1510 2126 conuentost
1543 2098 1660 2138 opus.

839 2172 1132 2214 Palinurus

239 2243 299 2285 Te
330 2244 402 2285 ille
435 2243 620 2297 quaerit.

803 2327 1166 2369 Phaedromus

657 2397 782 2449 Quid,
816 2400 850 2440 si
883 2400 1120 2441 adeamus?
1153 2399 1258 2442 heus
1292 2398 1511 2450 Curculio,
1544 2404 1587 2440 te
1617 2399 1732 2440 uolo.

330 2602 394 2635 283
421 2600 542 2634 subito
631 2601 696 2634 284
722 2599 913 2643 quisquam
941 2603 972 2633 st
998 2602 1073 2633 tam
1157 2600 1222 2633 285
1248 2599 1416 2634 tirannus
1443 2599 1636 2643 quisquam
1661 2609 1732 2633 nec

238 2658 305 2692 286
331 2657 547 2691 chomarcus
619 2657 684 2691 288
710 2657 794 2691 istic
820 2657 938 2700 graeti
1008 2657 1075 2690 290
1099 2656 1198 2690 inter
1223 2667 1260 2690 se
1285 2660 1429 2701 trapete
1501 2657 1566 2690 295
1593 2656 1734 2690 exciam

239 2715 304 2748 296
330 2714 505 2748 cladatim
531 2714 645 2748 seruis
671 2724 861 2748 currarum
950 2714 1015 2748 293
1040 2712 1154 2747 Proin
1249 2712 1454 2748 infortunia
