1897 3171
765 187 807 221 V.
840 188 1026 221 144-162.
1557 190 1636 229 291

148 316 219 358 clia
249 333 300 357 sc.
337 322 474 365 aetate,
515 319 633 356 ablat.
667 318 943 367 descriptionis
982 320 1027 353 ut
1063 330 1204 366 „quam
1242 318 1414 353 maxima
1443 314 1557 353 dote‘²
1600 329 1636 352 v,

152 389 241 425 151.
303 387 403 424 Edd.
444 390 533 424 ante
564 386 823 424 Gronovium:
876 382 1092 431 „mediam“
1136 398 1183 421 ex
1221 385 1333 422 codd.
1373 384 1637 422 deterioribus

148 459 187 493 et
224 455 360 502 Festo,
409 456 475 505 qui
515 468 553 504 p.
587 456 666 492 238
706 467 781 491 vss.
818 455 1007 491 155—57
1051 453 1176 490 affert.
1214 473 1271 478 —
1312 454 1402 490 156.
1449 449 1635 502 fortuitu,

146 523 375 573 paenultima
403 523 541 572 longa,
581 526 626 559 ut
658 522 754 560 Hor.
787 522 859 560 Od.
892 521 948 568 II,
994 522 1053 568 15,
1091 523 1160 568 173
1203 521 1422 571 corripiunt
1451 520 1638 558 Manilius

147 591 184 638 I,
229 592 304 628 182
347 594 386 628 et
423 591 583 629 Petron.
623 605 654 629 c.
692 591 782 629 135.
823 610 879 615 -·
928 591 1018 628 157.
1065 589 1141 626 Pro
1187 586 1286 638 quin
1324 589 1354 626 B
1403 589 1451 626 ab
1499 590 1635 626 initio:

152 656 311 708 „quid“,
364 659 431 696 sed
484 663 704 697 correctum
749 662 818 695 est.
865 678 921 683 —-
968 653 1193 695 Postumus
1238 658 1354 707 vulgo
1401 658 1636 707 appellatur,

150 728 217 776 qui
247 730 338 777 post
367 728 494 777 patris
527 731 693 764 mortem
732 730 847 764 natus
887 730 957 773 est,
990 729 1035 763 ut
1065 727 1120 762 ait
1151 725 1275 763 Varro
1309 725 1352 763 L.
1386 726 1429 763 L.
1463 725 1529 771 IX,
1564 727 1636 771 60;

147 795 216 832 sed
247 797 407 845 proprie
437 796 537 833 nihil
567 795 674 833 aliud
705 798 765 832 est
795 808 911 844 quam
941 798 1184 843 postremus,
1225 797 1270 831 ut
1307 794 1444 831 eodem
1484 795 1639 830 nomine

147 862 361 911 significari
400 865 544 913 possit,
593 864 814 912 quicunque
853 865 958 901 omni
991 863 1262 912 expectatione
1295 863 1418 899 serius
1450 863 1636 899 nascitur.

146 931 210 969 Sic
240 931 438 980 Vergilius
470 933 561 969 AEn.
596 931 659 978 VI,
694 933 793 969 763:
846 930 1026 978 „Silvius,
1059 931 1256 968 Albanum
1288 944 1440 976 nomen,
1473 934 1543 967 tua
1572 942 1638 978 po-

146 1003 276 1037 stuma
312 997 483 1050 proles“,
517 1000 623 1049 quod
661 1003 766 1037 recte
804 1000 974 1049 explicat
1012 999 1210 1037 Caesellius
1249 998 1354 1049 apud
1385 998 1556 1035 Gellium
1587 998 1636 1043 ΙΙ,

151 1067 221 1115 16,
264 1070 299 1106 5.
360 1068 597 1116 Megadorus
636 1071 817 1115 veretur,
864 1081 912 1105 ne
960 1067 1136 1105 homines
1175 1067 1247 1104 tali
1285 1067 1441 1104 nomine
1486 1070 1639 1115 patrem

146 1135 348 1186 filiumque
386 1135 568 1174 illudant.
601 1156 657 1161 —
692 1138 781 1174 158.
821 1134 991 1174 demam.
1052 1135 1204 1173 Nonius
1251 1133 1437 1185 „degam“
1472 1135 1636 1182 legerat,

146 1204 250 1241 unde
280 1218 318 1254 p.
353 1205 432 1241 278
471 1203 660 1254 „degere“
695 1205 826 1255 inquit
861 1208 944 1252 „est
976 1205 1093 1241 etiam
1124 1200 1401 1252 minuere“(!),
1435 1204 1500 1252 qui
1533 1201 1640 1252 quod

146 1275 340 1322 praeterea
371 1272 486 1310 affert
516 1272 631 1322 Epid.
662 1274 732 1320 66,
774 1273 828 1310 ibi
870 1272 982 1310 codd.
1015 1273 1192 1310 Plautini
1222 1275 1328 1309 recte
1365 1268 1637 1319 „detegetur‘².

144 1359 202 1365 —
237 1341 326 1379 159.
358 1340 467 1377 Idem
497 1354 633 1378 versus
665 1344 777 1378 extat
807 1341 919 1391 Capt.
955 1342 1047 1379 323.
1108 1340 1214 1379 Pers.
1250 1341 1349 1379 391:
1395 1340 1491 1386 „Pol
1523 1339 1638 1375 deum

146 1409 294 1446 virtute
319 1408 444 1446 dicam
470 1413 509 1447 et
539 1410 732 1447 maiorum
762 1407 930 1447 meum“.
979 1406 1097 1446 deum
1127 1406 1296 1456 uirtute,
1328 1411 1354 1446 i.
1380 1421 1411 1446 e.
1437 1406 1637 1453 beneficio,

147 1480 257 1514 extat
301 1478 418 1514 etiam
458 1478 566 1516 Trin.
609 1479 702 1515 346.
747 1479 838 1515 355.
910 1477 995 1515 Mil.
1037 1479 1130 1515 677.
1175 1479 1274 1523 68Ο;
1325 1480 1418 1523 „tua
1461 1473 1634 1513 uirtute²⁴

147 1544 304 1582 Trucul.
339 1546 433 1583 728.
465 1565 521 1571 ——
543 1547 733 1584 <nostrum
763 1549 854 1595 post
886 1545 1069 1583 Guietum
1100 1545 1243 1583 editur.
1278 1564 1326 1570 —-
1366 1546 1456 1582 160.
1498 1540 1640 1582 Factis)

148 1613 253 1663 apud
282 1613 466 1650 Plautum
497 1617 556 1651 est
586 1614 754 1651 faciendi
784 1615 899 1661 ratio,
932 1627 967 1652 v.
993 1613 1134 1651 Bacch.
1169 1614 1263 1651 838.
1324 1612 1470 1660 Magna
1508 1613 1636 1658 factio,

148 1695 226 1731 qua
269 1683 400 1731 magni
444 1685 484 1719 et
527 1682 705 1732 opulenti
749 1684 826 1720 viri
863 1685 1047 1728 utuntur,
1094 1684 1138 1718 ut
1177 1680 1327 1718 Nonius
1367 1682 1424 1718 ait
1460 1694 1498 1730 p.
1537 1682 1637 1718 304:

152 1749 312 1796 „Factio
343 1750 539 1799 significat
570 1751 829 1801 opulentiam,
867 1750 1150 1787 abundantiam
1181 1752 1221 1786 et
1251 1748 1515 1786 nobilitatem.
1576 1749 1639 1785 Ti-

147 1818 269 1855 tinius
309 1817 465 1856 Setina:
511 1821 644 1855 metuo
681 1819 830 1864 hercle,
874 1818 1015 1864 Caeso,
1065 1831 1112 1854 ne
1150 1818 1266 1855 nimis
1306 1817 1429 1854 stulte
1469 1817 1637 1863 fecerim,

147 1885 223 1933 Qui
262 1899 308 1922 ex
345 1890 460 1924 tanta
497 1886 666 1923 factione
707 1890 825 1936 atque
857 1886 998 1937 opibus
1030 1899 1115 1922 eam
1154 1899 1239 1922 sum
1280 1898 1396 1922 ausus
1435 1883 1638 1933 adg1·edi‘².

148 1953 248 1990 Tum
277 1953 314 1992 h.
342 1967 377 1992 v.
411 1954 537 1992 affert.
606 1954 662 1993 Cf.
703 1954 835 1993 Cistel.
871 1956 969 1992 323:
1023 1967 1172 2004 „neque
1212 1966 1284 1991 nos
1323 1953 1493 1990 factione
1531 1956 1641 1990 tanta

150 2025 297 2070 quanta
323 2025 368 2059 tu
398 2035 542 2071 sumus,
576 2021 691 2061 cett.“
750 2023 858 2061 Trin.
877 2024 972 2061 452.
999 2024 1093 2060 467.
1141 2022 1218 2059 Sed
1250 2022 1367 2059 etiam
1398 2034 1476 2058 non
1507 2021 1642 2058 addita

149 2090 430 2139 magnitudinis
469 2091 771 2142 significatione,
818 2095 862 2129 ut
902 2091 1011 2129 Trin.
1045 2092 1147 2128 491:
1200 2089 1320 2137 „deos
1360 2090 1500 2127 decent
1546 2102 1640 2139 opu-

149 2157 279 2195 lentiae
313 2162 353 2196 et
383 2158 616 2198 factiones“.
655 2160 708 2198 ib.
749 2161 850 2207 4973
897 2160 944 2197 cf.
983 2159 1085 2196 infra
1124 2160 1225 2195 220:
1273 2156 1546 2205 „factiosun1“.
1587 2176 1642 2181 —-

152 2222 348 2275 dapsilis,
389 2226 567 2265 Graecum
605 2228 774 2277 δαψιλής,
822 2228 867 2265 cf.
900 2227 1019 2265 Most.
1053 2228 1146 2264 067.
1215 2226 1357 2264 Pseud.
1393 2228 1485 2263 396.
1523 2227 1640 2263 1262.

151 2313 200 2319 —
235 2295 325 2332 161.
365 2290 588 2343 Clamores,
614 2297 937 2346 imperitantium,
969 2299 1015 2333 ut
1040 2298 1205 2345 apparet
1229 2308 1276 2331 ex
1299 2295 1502 2341 vocabulo,
1536 2293 1641 2342 quod

151 2361 321 2402 additur.
363 2382 411 2388 -·
454 2359 624 2403 eburata
654 2360 814 2402 vehicla
851 2363 978 2411 codd„
1021 2377 1098 2412 quo
1135 2364 1276 2400 tertius
1314 2376 1384 2413 pes
1422 2362 1641 2412 proceleus-

151 2431 315 2468 maticus
346 2429 408 2477 fit;
454 2430 647 2478 „eburna“
686 2431 815 2470 Guiet.
849 2435 889 2469 et
919 2431 1057 2479 Wagn.
1098 2430 1148 2467 ad
1187 2431 1420 2480 posterioris
1451 2429 1641 2478 temporis

150 2499 362 2547 rationem3
394 2499 495 2537 illud
524 2499 749 2537 Plautinum
780 2504 851 2547 est,
891 2513 927 2537 v.
961 2499 1081 2537 Stich.
1114 2500 1214 2536 378:
1268 2499 1413 2544 „lectos
1445 2497 1639 2543 eburatos,

149 2565 350 2605 auratos‘².
402 2567 619 2605 Luxuriam
636 2567 899 2605 Romanorum
925 2569 1042 2605 etiam
1068 2567 1109 2604 in
1132 2566 1321 2603 vehiculis
1339 2564 1530 2602 Catonem
1556 2577 1641 2601 cen·

150 2645 280 2672 sorem
312 2636 522 2684 castigasse
549 2638 703 2673 constat
725 2649 772 2673 ex
797 2635 880 2674 Liv.
906 2635 1090 2682 XXXIX,
1118 2635 1182 2681 44,
1204 2635 1240 2671 2.
1286 2633 1389 2670 Plut.
1408 2632 1490 2669 Cat.
1514 2633 1574 2677 18,
1604 2632 1639 2668 2.

152 2720 208 2727 --
234 2699 360 2752 palla,
401 2704 649 2752 splendidum
684 2703 767 2741 fere
798 2704 1004 2741 mulierum
1034 2707 1072 2740 et
1103 2700 1406 2739 citharoedorum
1438 2699 1641 2736 indumen-

152 2772 256 2818 tum,
296 2784 331 2808 v.
372 2771 477 2809 Men.
515 2772 591 2809 130
632 2772 680 2810 al.
714 2791 770 2796 -—
812 2773 902 2809 162.
949 2771 1114 2808 Errores
1155 2768 1381 2805 manifestos
1429 2767 1572 2804 codicis
1611 2766 1641 2803 B

1310 2842 1371 2875 19³t<
