1897 3171
152 197 207 242 H,
225 192 255 243 1,
269 199 390 241 25—2,
404 200 426 232 4
819 197 998 233 Curculio.
1570 205 1647 244 231

760 323 1049 378 Cappadox

154 396 344 439 Facilest
374 396 579 437 miserum
609 396 810 437 inridere.

757 481 1049 523 Palinurus

843 553 954 603 Quin
985 558 1033 595 tu
1065 553 1232 608 aliquot
1265 554 1355 597 dies
1585 569 1651 602 240

155 627 363 678 Perdura,
397 627 497 668 dum
528 627 737 668 intestina
769 631 1055 680 exputescunt
1086 626 1166 668 tibi
1196 650 1252 654 —

150 698 281 740 Nunc
314 699 425 740 enim
457 698 626 740 salsura
658 706 724 741 sat
754 698 915 739 bonast
945 714 1020 749 ——3
1056 699 1090 739 si
1121 698 1165 739 id
1197 698 1361 742 feceris.

157 770 318 813 Uenire
350 772 514 825 poteris
546 771 766 812 intestinis
797 770 940 811 uilius.

762 867 1051 923 Cappadox

155 941 264 983 Lien
296 941 541 983 dierectust.

758 1027 1049 1069 Palinurus

601 1099 811 1151 Ambula;
843 1099 885 1140 id
918 1099 1021 1140 lieni
1055 1104 1333 1154 optumumst.

761 1184 1052 1256 Cappadox

151 1274 302 1325 Aufer,
337 1288 509 1329 quaeso,
542 1275 628 1316 ista
660 1278 792 1328 atque
825 1274 906 1315 hoc
937 1274 1166 1329 responde,
1200 1274 1314 1327 quod
1346 1289 1470 1329 rogo:
1589 1288 1653 1321 245

155 1346 285 1389 Potin
318 1347 614 1389 coniecturam
646 1345 801 1397 faeere,
834 1347 868 1387 si
899 1360 1072 1388 narrem
1104 1346 1195 1398 tibi,

155 1418 250 1462 Hae
281 1424 407 1462 nocte
439 1418 558 1472 quod
589 1432 667 1472 ego
700 1419 915 1460 somniaui
949 1419 1196 1461 dormiens?

759 1521 1052 1563 Palinurus

159 1593 270 1645 Uah,
304 1593 422 1636 solus
453 1593 524 1635 hio
553 1593 739 1645 homost,
774 1594 846 1646 qui
879 1594 988 1635 sciat
1021 1593 1243 1635 diuinitus.

160 1665 273 1716 Quin
307 1666 579 1708 coniectores
611 1680 636 1706 a
667 1679 734 1707 me
767 1665 996 1707 consilium
1027 1670 1201 1719 petunt,

156 1737 286 1788 Quod
317 1739 378 1780 eis
408 1737 627 1792 respondi,
660 1751 711 1779 ea
743 1751 889 1779 omnes
922 1741 1041 1779 stant
1073 1738 1299 1780 sententia.
1588 1750 1654 1784 250

534 1994 769 2046 COQUOS.
831 1994 1060 2038 SERUOS.
1121 1994 1287 2037 LENO.

801 2097 1009 2152 Coquos

156 2169 377 2221 Palinure,
409 2169 513 2224 quid
545 2171 661 2212 stas‘?
725 2169 838 2220 Quin
870 2170 1183 2224 depromuntur
1215 2169 1332 2222 mihi,

160 2241 283 2292 Quae
314 2256 423 2296 opus
457 2246 567 2293 sunt,
599 2243 794 2296 parasito
827 2246 877 2283 ut
907 2243 964 2284 sit
994 2247 1196 2296 paratum
1229 2242 1471 2297 prandium.

159 2313 302 2364 *Quom
333 2313 512 2355 ueniat?

763 2400 1055 2444 Palinurus

562 2472 689 2514 Mane
720 2473 791 2524 sis,
827 2473 927 2515 dum
958 2474 1060 2516 huic
1093 2474 1257 2517 conicio
1291 2473 1512 2515 somnium.

802 2559 1011 2613 Coquos

159 2631 274 2673 Tute
305 2632 408 2685 ipse,
443 2632 479 2672 si
512 2631 615 2684 quid
646 2632 882 2682 somniasti,
915 2633 970 2673 ad
1001 2646 1068 2674 me
1100 2631 1247 2673 refers,

262 2786 327 2819 242
351 2783 456 2819 Nune
482 2785 568 2819 dum
595 2786 731 2820 salsura
793 2787 860 2820 244
886 2786 1085 2822 dieructus.
1159 2786 1223 2818 245
1248 2783 1362 2818 Aufer
1386 2783 1499 2818 istaec
1522 2794 1656 2827 quaeso
