1854 3188
128 191 160 237 I,
175 194 206 236 2,
220 192 355 227 38—54
581 216 585 219 -
749 203 751 206 ⁴
770 190 986 225 Bacchides.
1564 195 1613 234 71

787 316 961 369 Lydus

129 389 264 432 Immo
295 403 434 443 neque
465 388 645 430 habebis
675 402 815 441 neque
848 388 998 428 sinam.
1058 387 1078 427 Ι
1108 401 1279 428 rursum
1312 388 1497 430 domum.

707 459 1047 501 Pistoclerus

132 533 310 584 Omitte,
343 533 471 588 Lyde,
503 547 553 574 ac
585 546 691 574 caue
723 532 849 573 malo.

784 603 963 658 Lydus

907 674 1031 725 QuicL
1065 689 1171 716 caue
1202 675 1344 717 malo?
1557 688 1620 721 145

706 759 1042 800 Pistoclerus

127 831 220 873 Iam
252 832 438 873 excessit
468 832 526 872 mi
557 835 676 872 aetas
710 845 760 872 ex
791 831 1042 884 magisterio
1075 834 1162 872 tuo.

787 917 959 972 Lydus

130 989 165 1032 Ο
198 990 467 1041 barathrum,
498 990 573 1031 ubi
604 1004 717 1031 nunc
750 990 822 1031 es‘?
854 994 902 1031 ut
934 1004 1011 1043 ego
1044 997 1086 1031 te
1117 1004 1322 1044 usurpem
1354 990 1526 1032 iubens}

130 1061 268 1103 Uideo
299 1063 383 1103 iam
415 1062 547 1103 nimio
580 1061 716 1103 multo
749 1062 859 1115 plus,
894 1076 1022 1115 quam
1054 1062 1289 1104 nolueram.

129 1133 299 1175 Uixisse
329 1134 460 1175 nimio
496 1134 656 1175 satiust
687 1135 774 1175 iam
807 1148 934 1187 quam
964 1135 1125 1175 uiuere.

127 1206 369 1258 Magistron
401 1220 657 1259 quemquam
694 1206 953 1260 discipulum
986 1208 1255 1248 minitarier?
1560 1219 1623 1251 150

130 1276 268 1330 [Nihil
298 1292 442 1320 moror
474 1278 708 1332 discipulos
742 1278 844 1319 mihi
876 1292 970 1319 esse
1001 1279 1087 1319 iam
1120 1279 1269 1332 plenos
1304 1278 1557 1332 sanguinis]

128 1349 288 1391 Ualens
320 1349 515 1392 adflictat
546 1365 611 1391 me
644 1351 845 1392 uaciuom
877 1351 1047 1392 uirium.

704 1437 1044 1479 Pistoclerus

131 1508 266 1559 Fiam,
298 1514 346 1551 ut
382 1523 459 1562 ego
492 1510 658 1563 opinor,
691 1509 913 1561 Hercules.
946 1515 993 1551 tu
1026 1514 1168 1551 autem
1203 1510 1348 1551 Linus.

792 1597 967 1650 Lydus

133 1667 213 1709 Pol
243 1673 387 1710 metuo
419 1669 569 1722 magis,
600 1683 653 1710 ne
686 1669 879 1710 Phoenix
910 1670 998 1710 tuis
1031 1669 1160 1710 factis
1193 1668 1310 1709 fuam

129 1740 277 1794 Teque
311 1740 365 1782 ad
396 1746 565 1795 patrem
599 1755 691 1781 esse
724 1746 940 1782 mortuum
970 1741 1227 1782 renuntiem.
1563 1752 1625 1784 155

714 1828 1055 1870 Pistoclerus

131 1899 250 1942 Satis
281 1900 615 1942 historiarumst.

793 1973 967 2027 Lydus

683 2045 762 2085 Hic
794 2045 940 2086 uereri
972 2044 1175 2098 perdidit.

131 2115 431 2170 Conpendium
465 2116 618 2170 edepol
649 2116 765 2157 haud
798 2117 932 2158 aetati
964 2116 1155 2170 optabile

132 2188 306 2240 Fecisti,
338 2202 468 2242 quom
499 2190 637 2231 istanc
668 2188 890 2230 nanctus's
921 2189 1232 2242 inpudentiam.

133 2260 313 2302 Occisus
345 2261 415 2301 hic
445 2260 629 2302 homost.
692 2261 862 2313 Ecquid
893 2262 937 2302 in
969 2265 1199 2302 mentemst
1230 2260 1322 2304 tibi.

132 2332 308 2374 Patrem
338 2332 419 2373 tibi
451 2333 576 2374 esse?

710 2404 1055 2446 Pistoclerus

665 2476 763 2517 Tibi
793 2491 871 2530 ego
903 2491 958 2518 an
988 2482 1036 2518 tu
1067 2477 1173 2518 mihi
1204 2490 1352 2518 seruos
1386 2476 1457 2517 es?
1566 2485 1628 2517 160

228 2663 293 2694 144
317 2661 432 2694 iturus
459 2672 538 2694 sum
565 2660 713 2695 domum
807 2663 870 2696 149
897 2662 1013 2695 sacius
1040 2666 1095 2695 est
1179 2663 1243 2694 152
1268 2671 1427 2694 uacuum
1455 2658 1482 2692 C
1563 2659 1626 2691 1:33

134 2720 178 2750 ut
203 2721 239 2751 et
264 2729 332 2762 ego
360 2717 388 2752 C
467 2719 533 2752 154
559 2730 661 2751 suam
689 2718 717 2752 C
798 2721 860 2752 157
887 2718 1125 2763 Compedium
1209 2722 1273 2751 aut
1300 2716 1327 2750 C
1409 2717 1471 2748 153
1496 2722 1626 2749 nactus

139 2775 203 2808 159
229 2777 264 2808 et
289 2775 376 2818 quid
401 2775 439 2808 in
463 2778 587 2809 mente
614 2779 670 2809 est
696 2775 723 2809 C
817 2777 880 2809 160
905 2786 973 2820 ego
1000 2779 1064 2809 aut
1086 2781 1127 2808 tu
1152 2774 1186 2808 B
