1854 3188
197 205 278 244 200
880 199 1005 234 Plauti
1473 198 1516 241 V,
1534 200 1560 238 1,
1577 199 1692 233 1—17‘

196 382 386 425 HEGIO.
416 381 868 424 PHILOPOLEMUS.
900 380 1304 424 PHILOCRATES.
1339 380 1691 423 STALAGMUS‚

860 496 1026 548 Hegio

198 569 293 609 Ioui
325 568 475 620 disque
509 581 587 621 ago
619 568 783 620 gratias
815 567 969 608 merito
1001 580 1191 619 magnas,

200 639 342 690 Quom
372 644 415 681 te
445 639 679 681 redduceni
710 643 786 680 tuo
819 640 934 692 patri
965 638 1249 679 reddiderunt

200 712 427 765 Quomque
459 725 510 753 ex
544 711 725 752 miseriis
757 710 967 764 plurumis
999 724 1066 751 me
1099 713 1358 750 exemerunt.

201 782 330 834 Quas,
364 783 464 824 dum
496 788 538 824 te
571 781 805 824 carendum
836 782 905 823 hic
936 782 1030 831 fuit,
1063 781 1373 828 sustentabain,
1624 791 1698 824 920<

201 854 445 908 [Quomque
477 854 591 895 hunc
624 853 840 907 conspicio
872 853 917 895 in
948 858 1164 907 potestate
1196 851 1365 905 nostra]

201 926 425 981 Quomque
457 925 585 967 huius
616 930 831 979 repertast
862 924 968 967 fides
999 924 1120 966 firma
1153 924 1289 966 nobis.

741 1011 1146 1066 Philopolemus

200 1085 318 1128 Satis
359 1086 445 1128 iam
487 1083 605 1127 dolui
644 1098 695 1126 ex
733 1084 876 1125 animo
915 1089 957 1126 et
998 1098 1100 1126 cura
1138 1097 1204 1125 me
1252 1084 1355 1125 satis
1402 1087 1445 1124 et
1487 1081 1697 1123 lacrumis

1150 1156 1387 1206 maceraui3

202 1229 317 1272 Satis
362 1230 448 1270 iam
493 1227 643 1269 audiui
687 1231 785 1269 tuas
832 1241 1076 1279 aerumnas,
1124 1227 1179 1268 ad
1227 1233 1400 1281 portum
1440 1225 1545 1268 mihi
1586 1239 1699 1278 quas-

1153 1300 1400 1340 memorasti
1413 1315 1421 1348 3

201 1373 295 1416 Hoc
328 1386 518 1426 agamus.

780 1442 1125 1485 Philocrates

476 1514 590 1565 Quid
620 1528 746 1561 nunc,
780 1515 982 1569 quoniam
1013 1519 1157 1556 tecum
1188 1515 1363 1556 seruaui
1394 1514 1524 1555 fidem
1627 1525 1701 1559 925-

203 1589 387 1643 Tibique
419 1587 531 1629 hunc
562 1586 764 1628 reducem
795 1588 839 1628 111
870 1586 1118 1628 libertatem
1148 1586 1260 1628 feci?

868 1673 1039 1727 Hegio

1306 1744 1466 1786 Fecisti
1497 1748 1544 1785 ut
1574 1743 1669 1796 tibi,

206 1820 491 1869 Philocrates,
523 1831 758 1872 numquam
789 1816 950 1859 referre
982 1818 1168 1870 gratiam
1200 1816 1361 1871 possim
1394 1817 1511 1867 satis,

207 1891 394 1934 Proinde
425 1896 474 1932 ut
504 1895 551 1932 tu
581 1889 879 1944 promeritus’s
911 1889 962 1930 de
994 1902 1060 1930 me
1093 1896 1134 1930 et
1165 1887 1264 1930 filio.

758 1975 1154 2029 Philopolemus

1346 2046 1480 2087 Immo
1512 2049 1647 2100 potes,

206 2121 348 2162 Pater.
424 2120 481 2161 Et.
526 2120 688 2173 poteris
735 2124 777 2160 et
817 2133 893 2173 ego
936 2123 1086 2173 potero
1132 2124 1174 2159 et
1214 2118 1256 2159 di
1297 2132 1391 2159 eam
1437 2121 1698 2171 potestatem

1157 2191 1334 2241 dabunt

208 2264 266 2306 Ut
297 2262 553 2305 beneficium
583 2262 693 2303 bene
725 2263 907 2304 merenti
937 2267 1087 2304 nostro
1121 2263 1273 2304 merito
1305 2276 1517 2313 munerer,
1632 2272 1700 2306 930

209 2336 277 2379 Sic
310 2340 357 2377 ut
389 2341 436 2376 tu
467 2333 567 2375 huic
598 2343 732 2387 potes,
767 2338 892 2388 pater
922 2335 992 2386 mi,
1024 2334 1164 2376 facere
1196 2335 1349 2376 merito
1381 2347 1590 2375 maxume.

874 2406 913 2447 H
925 2421 945 2448 e
956 2408 1041 2460 gio

211 2479 322 2529 Quid
339 2483 466 2533 opust-
482 2477 656 2520 uerbis?
686 2477 836 2531 lingua-
852 2478 1028 2530 nullast,
1053 2492 1138 2532 qua
1154 2492 1316 2531 negem,
1333 2477 1543 2530 quidquid
1558 2490 1698 2530 roges.

301 2664 367 2697 918
393 2661 566 2697 reducem
678 2662 744 2695 920
771 2660 866 2704 Quae
893 2662 940 2695 ad
964 2661 1036 2696 huc·
1062 2666 1098 2696 te
1127 2674 1253 2696 carens
1281 2662 1368 2695 dum
1393 2661 1451 2695 hic
1477 2659 1529 2694 fui
1632 2661 1698 2693 922

211 2718 365 2763 Quomq.
393 2718 474 2752 haec
500 2722 646 2762 reperta
672 2722 728 2752 est
799 2719 864 2752 923
889 2719 1071 2753 maceraui
1099 2719 1167 2752 hoc
1242 2720 1307 2752 928
1334 2717 1555 2762 promeritus
1631 2717 1703 2751 930

210 2787 380 2810 muneres
