1854 3188
137 196 203 239 III,
225 198 254 240 1,
274 198 391 240 12—2,
409 198 449 230 16
779 197 990 231 Bacchides
1572 203 1624 241 85

137 322 306 376 [Neque
338 324 418 364 mei
450 337 588 376 neque
621 328 662 363 te
694 323 757 363 tui
789 324 905 363 intus
934 322 1173 375 puditumst
1199 323 1337 366 factis.
1370 338 1481 378 quae
1504 325 1624 376 facis,

137 394 302 443 Quibus
334 400 454 436 tuum
486 400 654 448 patrem
688 408 838 447 meque
871 408 970 443 una,
1003 395 1177 436 amicos.
1211 395 1365 436 adfinis
1397 401 1495 438 tuos

135 466 228 508 Tua
258 466 438 507 infamia
469 466 609 508 fecisti
641 466 934 519 gerulifigulos
966 465 1113 518 flagiti.

136 538 259 579 Nunc
291 539 409 592 prius
443 552 571 590 quam
604 538 761 578 malum
793 539 903 579 istoc
934 538 1077 588 addis,
1120 543 1324 580 certumst
1365 540 1451 580 iam
1484 540 1626 581 dicam

1086 609 1233 663 patri]

136 682 198 722 De
224 696 289 723 me
316 693 426 722 nanc
451 681 621 735 culpam
649 681 889 723 demolibor
911 682 997 722 iam
1025 686 1068 723 et
1094 683 1185 723 seni
1202 681 1357 723 faciam
1376 683 1532 736 palam,
1560 694 1626 726 380

135 754 193 795 Ut
225 753 294 794 ille
325 768 419 795 eum
453 769 503 795 ex
533 753 747 794 lutulento
781 767 913 794 coeno
946 767 1127 807 propere
1160 754 1259 794 hinc
1291 754 1437 795 eliciat
1467 753 1595 795 foras.

473 1003 871 1045 MNESILOCHUS
912 1003 1293 1046 ADULESCENS.

133 1105 397 1147 Multimodis
417 1106 650 1148 meditatus
675 1112 842 1159 egomet
866 1121 1033 1148 mecum
1051 1121 1144 1147 sum
1162 1115 1203 1147 et
1221 1108 1283 1146 ita
1302 1120 1394 1147 esse
1413 1107 1622 1147 arbitror:

132 1177 306 1219 Homini
337 1179 488 1222 amico,
521 1179 636 1231 quist
666 1179 830 1219 amicus
862 1179 925 1219 ita
956 1180 1019 1220 uti
1051 1193 1207 1220 nomen
1240 1180 1444 1231 possidet,

131 1249 222 1290 Nisi
247 1249 350 1290 deos
377 1251 415 1290 ei
438 1250 547 1291 nihil
572 1256 806 1303 praestare.
854 1250 904 1291 Id
930 1264 1059 1304 opera
1085 1255 1288 1304 expertus
1315 1265 1408 1291 sum
1434 1265 1527 1292 esse
1545 1251 1622 1292 ita.

131 1321 242 1362 Nam
266 1327 313 1362 ut
339 1322 383 1362 in
407 1321 627 1376 Ephesum
655 1322 755 1364 hinc
781 1323 867 1364 abii
895 1345 949 1351 —
972 1322 1053 1364 hoc
1078 1322 1282 1363 factumst
1306 1322 1439 1364 ferme
1465 1322 1624 1363 abhinc

1086 1394 1305 1436 biennium
1338 1418 1392 1422 -—
1557 1406 1624 1439 385

130 1464 195 1505 Ex
225 1465 395 1519 Epheso
428 1466 512 1506 huc
543 1465 598 1506 ad
630 1465 913 1508 Pistoclerum
946 1481 1087 1508 meum
1118 1466 1310 1508 sodalem
1340 1467 1510 1507 litteras

130 1536 248 1586 Misi,
283 1537 464 1578 amicam
495 1542 544 1579 ut
574 1538 631 1578 mi
663 1539 878 1579 inueniret
908 1538 1182 1579 Bacchidem.
1252 1538 1378 1578 Illum
1417 1538 1623 1591 intellego

130 1608 364 1657 Inuenisse,
397 1613 446 1650 ut
478 1623 625 1651 seruos
657 1624 775 1651 meus
807 1610 911 1650 mihi
944 1611 1166 1651 nuntiauit
1200 1609 1447 1663 Chrysalus.

132 1678 350 1733 Condigne
389 1681 426 1721 is
465 1695 593 1734 quam
631 1682 828 1722 technam
861 1681 912 1721 de
945 1695 1047 1722 auro
1081 1682 1315 1722 aduersum
1347 1696 1489 1723 meum
1521 1681 1623 1723 fecit

1082 1758 1262 1806 patrem,

132 1823 188 1865 Ut
220 1824 321 1864 mihi
354 1826 519 1866 amanti
551 1825 677 1878 copia
709 1830 823 1865 esset
826 1857 1001 1873 .....
1556 1836 1624 1869 390

128 1894 240 1936 Nam
264 1896 335 1948 pol
361 1896 533 1949 quidem
558 1910 652 1937 meo
679 1897 822 1937 animo
848 1897 1017 1948 ingrato
1044 1896 1213 1937 homine
1243 1896 1349 1937 nihil
1376 1897 1620 1939 infensiust.

130 1966 454 2009 Malefactorem
488 1969 629 2009 amitti
662 1969 798 2009 satius
832 1982 961 2020 quam
992 1968 1177 2021 relinqui
1210 1968 1464 2010 beneficum.

127 2038 268 2080 Nimio
301 2044 498 2092 praestat
528 2040 829 2094 inpendiosum
860 2044 903 2080 te
937 2053 1066 2093 quam
1095 2041 1315 2092 ingratum
1348 2040 1493 2082 dicier.

127 2110 240 2151 Illud
271 2110 516 2153 laudabunt
546 2111 670 2163 boni3
703 2112 785 2153 hoc
816 2113 946 2154 etiam
977 2113 1061 2165 ipsi
1093 2111 1330 2164 culpabunt
1360 2112 1476 2153 mali.

129 2180 222 2231 Qua
251 2197 319 2224 me
351 2196 484 2224 causa
514 2184 652 2237 magis
683 2197 778 2224 cum
817 2197 920 2224 cura
959 2197 1050 2225 esse
1092 2189 1339 2236 aequomst3
1381 2184 1621 2237 obuigilato

1080 2269 1200 2308 opus.
1555 2267 1621 2300 395

127 2325 263 2377 Nunc,
281 2326 559 2378 Mnesiloche,
587 2327 804 2380 specimen
822 2327 1026 2380 specitur,
1051 2340 1166 2367 nunc
1184 2331 1403 2368 certamen
1420 2327 1621 2377 cernitur,

129 2396 251 2439 Sisne
282 2411 431 2449 necne,
460 2402 511 2440 ut
542 2412 637 2440 esse
670 2402 854 2452 oportet,
886 2398 1038 2449 malus,
1070 2399 1220 2449 bonus,
1253 2398 1543 2452 quoiusmodi‚

217 2598 281 2631 381
307 2597 369 2632 ille
395 2607 461 2632 om.
541 2599 608 2631 382
631 2597 762 2632 Multis
787 2597 907 2631 modis
986 2599 1052 2632 383
1078 2600 1184 2641 quest
1207 2596 1243 2630 B
1314 2598 1381 2630 384
1405 2596 1457 2629 ita
1482 2606 1560 2629 esse
1584 2594 1620 2628 B

126 2653 192 2686 386
217 2652 382 2687 sodalem
402 2664 526 2688 meum
574 2655 639 2688 389
664 2657 811 2688 tecnam
866 2656 932 2688 390
957 2657 1063 2698 esset,
1091 2654 1156 2689 sed
1175 2664 1302 2689 eccum
1321 2652 1429 2686 uideo
1450 2651 1620 2686 incedere

127 2710 191 2742 391
216 2709 425 2754 inpensiust
529 2711 596 2744 394
620 2710 729 2744 Illum
821 2711 885 2745 395
912 2722 989 2745 esse
1015 2722 1058 2745 ea
1084 2722 1167 2745 cum
1196 2709 1400 2752 obuigilato
1426 2711 1460 2742 st
1550 2709 1616 2742 397

126 2766 244 2800 bonus
271 2777 343 2810 qua
368 2766 575 2801 cuiusmodi
