1854 3188
118 178 146 222 Ι,
160 180 192 222 2,
209 179 317 213 1—24
760 178 961 212 Aulularia.

565 360 786 402 EUCLIO.
848 360 1152 403 STAPHYLA.

764 476 954 517 Euclio

117 548 242 590 Nunc
274 548 496 590 defaecato
530 549 699 591 demum
733 550 874 590 animo
907 547 1106 600 egredior
1138 546 1274 597 domo,

117 620 351 674 Postquam
381 623 583 675 perspexi
615 621 736 662 salua
767 634 858 662 esse
890 620 1004 661 intus
1037 619 1190 660 omnia.

119 692 227 734 Redi
257 707 371 734 nunc
401 694 487 735 iam
518 694 631 735 intro
664 699 794 746 atque
826 693 942 733 intus
975 705 1113 733 serua.

727 782 989 837 Staphyla

1192 853 1407 908 Quippini.

118 928 209 981 Ego
240 928 356 970 intus
389 929 586 970 seruem?
645 929 722 979 An,
754 942 806 969 ne
839 928 935 981 quis
969 926 1089 968 aedis
1122 926 1322 967 auferat?

119 999 231 1041 Nam
261 999 330 1041 hic
363 1000 479 1054 apud
508 1014 586 1042 nos
617 1000 723 1042 nihil
757 1004 821 1042 est
852 999 969 1041 aliud
1001 999 1172 1052 quaesti
1204 997 1393 1049 furibus·7

119 1071 187 1113 Ita
217 1072 374 1113 inaniis
407 1077 506 1113 sunt
537 1073 737 1126 oppletae
770 1078 900 1124 atque
932 1070 1113 1112 araneis.

769 1159 961 1200 Euclio

119 1229 287 1282 Mirum⁷
320 1232 424 1285 quin
455 1237 532 1273 tua
562 1246 628 1273 me
662 1246 790 1273 causa
821 1231 955 1272 faciat
987 1230 1182 1285 Iuppiter

119 1301 366 1357 Philippum
396 1318 539 1357 regem
573 1309 647 1346 aut
677 1304 870 1352 Darium,
901 1301 1165 1344 triuenefica.

119 1373 312 1416 Araneas
343 1375 448 1417 mihi
481 1390 557 1430 ego
588 1376 685 1418 illas
718 1376 882 1417 seruari
914 1374 1026 1416 uolo.

119 1444 290 1500 Pauper
323 1462 429 1499 sum,
460 1447 613 1489 fateor.
674 1449 843 1499 Patior;
884 1447 1000 1502 quod
1033 1447 1076 1488 di
1109 1446 1225 1496 dant,
1256 1445 1361 1487 fero.

121 1517 204 1574 Abi
235 1519 362 1571 intro,
396 1520 573 1562 occlude
606 1522 790 1562 ianuam.
851 1520 943 1561 Iam
975 1533 1051 1572 ego
1084 1519 1153 1560 hic
1186 1532 1270 1559 ero.

123 1589 239 1632 Caue
272 1606 532 1647 quemquam
563 1593 750 1635 alienum
782 1594 825 1633 in
858 1592 975 1634 aedis
1007 1591 1306 1632 intromiseris.

123 1662 246 1713 Quod
278 1665 492 1719 quispiam
522 1666 663 1717 ignem
696 1669 891 1718 quaerat.
926 1664 1118 1717 extingui
1150 1663 1263 1704 uolo.

121 1734 185 1776 Ne
217 1749 373 1777 causae
405 1736 509 1790 quid
541 1738 608 1778 sit.
641 1737 757 1790 quod
788 1742 830 1778 te
863 1737 1093 1790 quisquam
1126 1735 1364 1789 quaeritet3

124 1806 236 1849 Nam
266 1809 302 1849 si
331 1802 442 1862 ignis
473 1809 603 1854 uiuet,
635 1814 682 1850 tu
715 1810 964 1861 extinguere
998 1807 1256 1860 extempulo.

123 1879 232 1921 Tum
264 1893 422 1933 aquam
452 1879 669 1933 aufugisse
703 1881 848 1931 dicito,
883 1881 917 1921 si
950 1881 1046 1934 quis
1078 1884 1209 1933 petet.

125 1950 334 2003 Cultrum,
367 1953 562 2002 securim,
595 1953 817 2006 pistillum.
849 1952 1116 1994 mortarium.
1327 1971 1343 1989 ι

125 2023 244 2073 Quae
274 2024 438 2066 utenda
468 2038 574 2065 uasa
607 2039 776 2078 semper
806 2025 937 2066 uicini
968 2029 1134 2076 rogant.

122 2095 258 2137 Fures
289 2097 463 2138 uenisse
495 2100 626 2150 atque
659 2096 890 2138 abstulisse
924 2097 1069 2137 dicito.

123 2166 322 2210 Profecto
354 2169 398 2209 in
429 2168 547 2210 aedis
580 2182 698 2210 meas
730 2183 797 2210 me
831 2168 1008 2209 absente
1040 2169 1253 2209 neminem

125 2239 236 2282 Uolo
267 2241 520 2291 intromitti3
555 2245 683 2294 atque
717 2241 848 2282 etiam
880 2240 959 2281 hoc
990 2240 1194 2294 praedico
1225 2240 1326 2280 tibi:

126 2310 170 2353 Si
201 2312 323 2353 Bona
353 2312 545 2353 Fortuna
576 2313 733 2364 ueniat,
765 2326 816 2353 ne
848 2312 1144 2353 intromiseris.

739 2406 1008 2461 Staphyla

125 2478 204 2519 Pol
235 2492 287 2520 ea
316 2479 424 2532 ipsa,
458 2478 598 2529 credo,
630 2493 683 2520 ne
714 2479 1045 2530 intromittatur,
1077 2482 1221 2529 cauet3

1558 630 1604 662 So

1565 1241 1610 1274 35

1565 1601 1609 1634 90

1568 1962 1611 1994 95

1550 2322 1613 2355 100

124 2550 236 2592 Nam
267 2550 322 2591 ad
351 2550 471 2592 aedis
505 2555 676 2592 nostras
703 2564 916 2604 nusquam
950 2550 1054 2602 adit,
1089 2563 1351 2604 quamquam
1376 2562 1510 2602 prope
1538 2552 1612 2589 est.

216 2705 262 2738 84
284 2704 407 2739 inanis
501 2705 544 2738 85
569 2707 632 2738 tua
656 2716 754 2738 nunc
779 2715 837 2738 me
929 2706 972 2739 93
999 2703 1182 2748 extemplo
1276 2704 1320 2736 95
1345 2701 1535 2746 pistellum

128 2762 192 2794 102
217 2760 309 2795 adiit
