1897 3171
275 194 297 232 5
305 192 356 230 70
928 189 1109 225 Curcuh‘o.

272 332 364 357 vero
395 318 577 355 lenonum
609 332 716 356 more
748 321 805 356 ita
837 333 945 356 suam
977 321 1214 366 existimare,
1247 323 1291 357 ut
1313 320 1412 357 nihil
1436 334 1514 358 non
1538 322 1619 358 eius
1645 335 1767 371 opera

271 387 408 433 faciat,
456 387 686 436 nullumque
717 388 935 437 periurium
969 389 1003 423 ei
1033 401 1110 424 non
1142 389 1334 438 imponat,
1376 389 1424 426 cf.
1458 391 1552 427 458.
1584 409 1640 414 -
1670 391 1765 427 495.

272 453 313 493 Si
351 452 454 504 quid
490 460 579 492 cett.
613 455 725 493 codd.
766 475 820 480 —
858 454 1136 504 mancupatis,
1185 458 1381 507 mancipio
1414 457 1534 503 datis,
1583 457 1765 495 venditis.

271 543 328 548 ——
359 524 453 560 496.
501 519 674 560 Alienos
712 522 1003 561 mcmumv'ttitis
1042 525 1175 571 codd,
1218 529 1355 562 contra
1396 538 1588 563 numeros.
1649 526 1765 563 Both.

277 592 462 640 „Alienos
493 593 650 628 mittitis
682 590 838 630 manu“.
900 592 959 630 Fl.
997 593 1143 639 ..Manu
1175 593 1323 630 alienos
1356 591 1577 631 emittitis“.
1640 593 1766 643 Gepp.

277 659 463 706 „Alienos
502 672 573 696 uos
610 658 932 697 manumittitis“.
973 681 1028 685 —
1068 663 1162 699 497.
1211 662 1355 699 auctor
1392 663 1449 698 rei
1487 662 1658 700 venditae
1701 666 1770 699 aut

271 729 474 778 promissae
504 728 536 763 is
570 732 640 764 est.
675 730 742 776 qui
775 728 823 764 ad
855 728 971 765 fidem
1002 728 1237 766 firmandam
1262 733 1488 776 assumitur,
1523 731 1630 768 cuius
1655 731 1768 767 testi·

272 797 404 833 monio
437 809 597 832 securus
630 801 785 844 emptor
817 798 915 833 scial
946 810 986 834 se
1017 797 1056 834 id
1089 811 1238 845 emere,
1283 798 1388 847 quod
1426 799 1544 836 vendi
1582 799 1697 835 liceat
1730 802 1769 835 et

272 864 376 914 quod
418 863 492 900 sibi
529 868 634 900 recte
673 864 779 900 tradi
810 866 956 913 possit3
1004 866 1051 902 cf.
1085 865 1162 903 Cic.
1197 865 1336 903 Caecin.
1374 868 1433 913 10,
1477 868 1551 904 27:
1608 871 1769 913 „auctor

270 931 423 970 fundi“.
487 933 550 978 25.
586 933 656 968 72:
694 932 826 982 ..quod
858 934 998 970 mulier
1030 935 1113 970 sine
1144 939 1275 972 tutore
1307 940 1467 972 auctore
1497 934 1766 986 promiseriff.

272 998 374 1038 estis
405 1004 496 1037 cett.
524 1000 635 1037 codd.
669 990 736 1025 —.
756 1002 849 1039 498.
882 1001 956 1039 Hic
987 1003 1132 1039 inserui
1163 1016 1330 1049 versum,
1365 1005 1431 1053 qui
1462 1004 1503 1040 in
1537 1003 1649 1042 codd.
1675 1007 1767 1053 post

275 1070 352 1106 514
393 1068 559 1116 legitur,
608 1068 676 1105 ubi
717 1074 755 1105 et
795 1071 1080 1107 sententiarum
1120 1085 1264 1109 nexum
1305 1072 1442 1108 turbat
1487 1086 1558 1109 nec
1598 1072 1769 1120 intelligi

271 1141 415 1186 potest,
457 1136 553 1185 quid
585 1138 635 1174 sit
669 1148 877 1187 manceps:
947 1138 1199 1186 significatur
1231 1144 1360 1177 autem
1392 1140 1466 1178 hoc
1503 1141 1659 1177 nomine
1699 1141 1767 1189 qui

271 1206 467 1254 mancipio
502 1205 653 1254 aliquid
685 1208 867 1256 suscipit3
917 1220 992 1256 quo
1035 1207 1138 1245 facto
1180 1213 1345 1258 apparet
1378 1222 1466 1246 eum
1499 1212 1565 1245 aut
1596 1210 1768 1257 pretium

271 1274 330 1310 rei
363 1278 431 1309 aut
463 1286 560 1323 opus
592 1274 810 1311 faciendum
846 1288 1053 1324 operamve
1085 1277 1351 1326 praestandam
1395 1277 1553 1314 debere.
1586 1296 1642 1301 --
1673 1278 1767 1314 499.

273 1354 410 1379 versus
442 1342 596 1379 diaeresi
629 1349 746 1380 caret.
783 1363 830 1368 —
869 1345 961 1381 500.
995 1342 1159 1382 cimices
1191 1347 1355 1382 accessit
1387 1359 1433 1382 ex
1456 1345 1575 1382 Festo
1601 1359 1638 1394 p.
1666 1346 1768 1382 210:

279 1405 439 1456 „Pedes
478 1414 607 1446 autem
649 1424 720 1460 pro
760 1412 953 1461 pediculis
993 1414 1045 1449 sic
1078 1413 1242 1450 Plautus
1283 1413 1403 1450 refert
1439 1415 1480 1450 in
1512 1412 1768 1450 Curculione:

271 1476 370 1514 Item
404 1490 527 1525 genus
559 1479 661 1515 inter
687 1479 862 1517 homines
890 1494 976 1518 meo
1004 1481 1162 1530 quidem
1188 1482 1316 1519 animo
1341 1486 1384 1519 ut
1409 1494 1576 1527 muscae,
1611 1481 1766 1527 culices,

273 1547 429 1583 cimices
461 1546 663 1596 pedesque
695 1548 964 1597 pulicesque‘⁵.
996 1570 1052 1574 —
1079 1551 1170 1587 501.
1209 1545 1323 1596 Odi0‚
1357 1564 1408 1588 sc.
1443 1551 1549 1595 estis,
1584 1549 1689 1598 quod
1724 1562 1770 1585 ex

272 1615 462 1663 proximis
494 1615 744 1662 intelligitur.
777 1636 833 1641 —-
874 1618 965 1655 503.
1006 1628 1097 1654 eum
1128 1631 1206 1655 non
1239 1621 1366 1668 primo
1398 1618 1484 1656 loco
1517 1619 1698 1667 positum,
1732 1631 1768 1655 v,

275 1682 323 1719 ad
350 1682 492 1732 Amph.
523 1684 613 1720 181.
661 1684 750 1721 Aul.
778 1686 872 1723 459.
899 1706 955 1710 -—
985 1685 1076 1724 506.
1120 1683 1215 1726 Uos.
1249 1687 1477 1737 Trapezitas
1509 1701 1588 1724 non
1618 1687 1770 1723 minore

273 1752 448 1788 convicio
467 1751 661 1800 exagitat3
695 1765 783 1789 nam
801 1752 840 1789 hi
859 1767 1028 1803 quoque,
1056 1757 1233 1804 quamvis
1258 1755 1422 1792 multum
1448 1757 1503 1792 eis
1527 1755 1768 1801 crederetur,

272 1822 405 1856 ‘tamen
435 1824 599 1869 propter
630 1820 741 1858 fenus
772 1821 875 1858 male
907 1822 1133 1869 audiebant,
1167 1823 1273 1860 velut
1298 1823 1511 1872 Antiphan.
1538 1837 1599 1873 ap.
1624 1823 1769 1860 Athen.

274 1887 338 1933 VI,
373 1888 452 1925 226
486 1900 525 1924 e:
579 1891 788 1936 τραπεζίτας
819 1906 824 1911 ·
859 1890 968 1932 ἔθνος
998 1892 1123 1928 τούτου
1155 1893 1224 1941 γάρ
1255 1895 1350 1928 ἐστιν
1389 1892 1489 1928 οὐδὲν
1527 1893 1768 1940 ἐξωλέστερον.

274 1955 388 2001 Quod
414 1957 453 1992 in
481 1956 593 1994 codd.
618 1957 765 2006 legitur
792 1959 830 1996 el‘
844 1968 955 2007 paro
981 1964 1208 2009 corruptum
1234 1966 1311 2007 θεῖς
1344 1960 1480 1997 videas
1504 1960 1770 1998 defensionem

275 2022 479 2069 Gronovii‚
513 2024 639 2062 Lectt.
673 2025 801 2063 Plaut.
834 2039 873 2075 p.
898 2029 963 2065 92.
1027 2028 1165 2065 Ortum
1195 2029 1352 2066 videtur
1383 2043 1429 2065 ex
1460 2029 1587 2078 prima
1617 2027 1771 2076 syllaba

273 2093 443 2140 proximi
474 2093 657 2130 vocabuli
687 2093 746 2130 bis
779 2096 936 2145 scripta.
999 2096 1144 2143 Quare,
1186 2110 1305 2146 quum
1344 2099 1463 2134 etiam
1502 2098 1542 2133 in
1572 2098 1769 2146 principio

273 2172 409 2197 versus
440 2156 603 2198 Eodem
632 2174 704 2210 pro
735 2163 879 2200 ibidem
910 2178 989 2202 non
1020 2169 1127 2202 recte
1161 2166 1330 2211 dicatur,
1378 2166 1540 2214 reposui
1581 2165 1622 2201 id
1663 2164 1770 2214 quod

273 2229 458 2265 omissum
491 2241 576 2265 esse
609 2236 787 2279 apparet,
822 2228 918 2270 loco.
951 2253 1006 2258 —
1036 2230 1158 2271 bibus
1189 2248 1236 2271 ex
1267 2234 1304 2271 h.
1333 2234 1358 2271 l.
1391 2234 1504 2270 affert
1535 2233 1707 2271 Carisius
1738 2233 1768 2279 I,

273 2310 312 2346 p.
350 2298 400 2334 54
433 2296 501 2343 K.;
552 2297 686 2343 ..ibus‘·
732 2313 778 2335 ex
809 2299 956 2338 Titinio
990 2297 1080 2349 (59)
1125 2306 1164 2339 et
1204 2302 1424 2352 Pomponio
1459 2300 1582 2348 (104)
1616 2301 1768 2338 Nonius

272 2377 311 2414 p.
346 2366 440 2403 486.
501 2364 623 2403 Extat
662 2368 780 2404 etiam
812 2367 896 2406 Mil.
931 2370 1005 2406 74:
1058 2370 1167 2407 ..ibus
1210 2370 1453 2408 dinumerem
1485 2367 1768 2419 stipendiu1n“.

273 2432 430 2471 Trucul.
476 2435 571 2472 110:
631 2435 752 2473 ..Ibist
800 2435 885 2473 ibus
930 2442 1123 2486 pugnae‘'.
1208 2438 1317 2488 Capt.
1360 2439 1454 2486 Arg.
1499 2441 1534 2476 5.
1578 2458 1629 2462 —
1677 2440 1768 2476 507.

273 2497 334 2539 Hi
378 2507 417 2539 et
462 2500 504 2539 2'22
551 2503 644 2552 foro
691 2509 780 2540 cett.
823 2505 935 2541 codd.
977 2525 1032 2530 --
1079 2508 1171 2544 508.
1218 2507 1363 2543 Versus
1411 2513 1633 2556 corruptus.
1708 2506 1767 2543 Fl.

277 2568 431 2616 „hisce“
482 2571 565 2617 ed.;
614 2572 720 2610 Brix.
763 2573 802 2609 in
847 2573 990 2610 Annal.
1033 2573 1129 2623 phil.
1171 2575 1237 2621 CI.
1284 2589 1322 2625 p.
1367 2577 1445 2612 765
1486 2576 1584 2612 coni.
1629 2574 1770 2621 ..male-

273 2637 452 2685 suadi0“,
508 2652 603 2676 voce
649 2641 823 2677 nondum
871 2641 966 2678 alibi
1011 2646 1185 2691 reperta3
1242 2643 1423 2692 equidem
1476 2642 1595 2679 verba
1640 2647 1768 2679 trans-

272 2719 420 2755 ponere
445 2707 596 2744 malim:
635 2709 739 2755 „Uos
767 2710 902 2746 fenore
928 2710 1114 2756 homines⁷
1148 2710 1188 2747 hi
1213 2711 1310 2748 male
1336 2710 1536 2748 suadendo
1563 2714 1601 2746 et
1631 2710 1769 2747 lustris
