1854 3188
198 180 269 226 HI,
283 182 314 225 5,
327 182 462 216 66-88
873 180 1030 226 Captiui.
1614 191 1662 229 18
1669 191 1691 229 7

197 307 265 350 Ibi
295 321 424 361 quom
454 307 529 349 alii
560 311 739 349 octonos
769 306 938 361 lapides
970 306 1205 356 ecfodiunt-‚
1238 311 1321 351 uisi

199 379 427 422 Cotidiano
461 380 719 434 sesquiopus
752 378 1003 431 confeceris,

198 451 534 507 Sescentoplago
564 466 721 493 nomen
752 451 927 492 indetur
957 451 1051 492 tibi.
1625 468 1692 501 720

727 522 1157 577 Aristophontes

195 595 279 637 Per
311 595 414 637 deos
446 598 578 648 atque
609 594 804 636 homines
837 609 914 648 ego
946 599 989 636 te
1023 599 1230 650 optestor,
1264 596 1413 651 Hegio,

195 667 260 709 Ne
289 672 338 709 tu
366 668 509 709 istunc
539 666 757 708 hominem
787 667 978 721 perduis.

855 738 1022 792 Hegio

1040 809 1286 854 Curabitur.
1319 825 1322 829 ’

192 883 303 924 Nam
333 886 464 924 noctu
493 896 628 923 neruo
659 882 830 924 uinctus
863 883 1168 933 custodibitun

192 953 409 996 Interdius
442 954 523 996 sub
555 958 675 995 terra
705 954 873 1008 lapides
906 955 1076 996 eximet.

191 1027 276 1068 Diu
306 1040 384 1080 ego
415 1026 529 1067 hunc
561 1026 777 1076 cruciabo,
808 1040 894 1067 non
926 1041 1012 1068 11110
1045 1027 1271 1070 absoluam
1305 1029 1384 1072 die.
1623 1045 1688 1078 725

724 1098 1152 1152 Aristophontes

192 1170 471 1213 Certumnest
501 1170 583 1212 tibi
613 1170 758 1211 istuc?

853 1241 1022 1295 Hegio

791 1313 890 1356 Non
921 1315 1070 1355 moriri
1103 1317 1294 1359 certiust.

190 1386 402 1429 Abducite
433 1387 566 1428 istum
599 1390 793 1427 actutum
827 1386 882 1427 ad
914 1387 1197 1441 Hippolytum
1229 1390 1414 1443 fabrum,

191 1459 342 1501 Iubete
373 1458 474 1500 huic
505 1471 676 1500 crassas
709 1458 924 1511 conpedes
955 1460 1182 1513 inpingier.

190 1530 296 1573 Inde
328 1535 452 1572 extra
482 1535 653 1584 portam
685 1529 740 1570 ad
771 1544 914 1571 meum
945 1530 1148 1574 libertum
1184 1532 1415 1576 Cordalum

191 1602 241 1644 In
270 1602 526 1656 lapicidinas
556 1601 686 1643 facite
718 1600 931 1644 deductus
965 1604 1059 1651 siet‚
1621 1622 1687 1655 730

191 1674 333 1728 Atque
363 1674 476 1715 hunc
506 1687 573 1715 me
603 1673 716 1715 uelle
751 1673 880 1715 dicite
911 1675 974 1716 ita
1006 1678 1207 1720 curariei‘.

190 1746 255 1788 Ne
287 1747 361 1800 qui
393 1745 584 1787 deterius
616 1745 719 1786 huic
752 1745 820 1797 sit,
853 1760 983 1799 quam
1015 1749 1117 1801 quoi
1148 1756 1403 1802 pessuiiiest.

800 1817 1081 1872 Tyndarus

191 1888 279 1930 Cur
310 1903 387 1943 ego
420 1894 464 1930 te
495 1889 635 1930 inuito
667 1903 734 1930 me
767 1903 858 1931 esse
891 1891 1055 1932 saluom
1087 1893 1332 1946 postulem?

189 1960 435 2002 Periculum
465 1961 585 2002 uitae
616 1975 737 2002 meae
769 1966 843 2003 tuo
876 1968 964 2004 stat
995 1964 1209 2017 periculog

188 2032 293 2074 Post
324 2037 506 2074 mortem
537 2034 583 2074 in
612 2039 750 2075 morte
782 2034 887 2076 nihil
920 2040 997 2087 est,
1033 2036 1148 2089 quod
1181 2043 1382 2090 metuam,
1412 2039 1527 2081 mali.
1620 2053 1685 2086 735

189 2104 286 2146 Etsi
316 2105 496 2158 peruiuo
527 2119 664 2159 usque
697 2106 752 2147 ad
784 2121 995 2148 summam
1027 2112 1228 2159 aetatem,
1261 2115 1405 2152 tamen

189 2176 330 2218 Breue
362 2178 598 2230 spatiumst
626 2176 887 2231 perferundss
922 2193 1031 2232 quae
1063 2181 1236 2223 minitas
1267 2183 1383 2224 mihi.

188 2247 295 2289 Uale
328 2252 459 2302 atque
491 2248 624 2300 salue,
658 2250 751 2300 etsi,
785 2250 911 2291 aliter
941 2256 989 2292 ut
1022 2252 1173 2304 dicam,
1206 2268 1358 2296 meres.

189 2319 267 2371 Tu,
299 2319 643 2374 Aristophontes,
676 2321 726 2362 de
759 2336 825 2363 me
858 2327 905 2364 ut
937 2325 1147 2376 meruisti,
1181 2326 1243 2367 ita
1273 2327 1392 2379 uale3

188 2390 300 2433 Nam
332 2391 437 2433 mihi
468 2396 650 2446 propter
680 2397 723 2434 te
755 2393 837 2435 hoc
872 2396 1039 2449 optigit.

283 2592 440 2626 718—19
466 2602 537 2627 uno
561 2603 680 2628 uersu.
771 2595 837 2628 719
864 2593 1078 2629 Cotidianos
1105 2607 1233 2640 sesque
1261 2608 1350 2640 opus
1434 2598 1590 2631 723—24
1616 2608 1684 2632 uno

187 2657 308 2681 uersu.
382 2649 538 2682 725—2'7
565 2649 712 2685 (luobus.
797 2652 862 2685 725
887 2651 985 2686 hune
1012 2663 1079 2696 ego
1159 2654 1223 2686 727
1249 2653 1465 2697 Yppolitum
1527 2655 1684 2688 728—30

188 2703 330 2738 duobus
353 2705 529 2740 uer-sibus.
672 2708 829 2741 731—33
856 2709 946 2742 item.
1078 2710 1141 2743 731
1169 2710 1266 2743 hunc
1293 2711 1344 2743 *ta
1368 2721 1426 2744 me
1453 2710 1546 2744 uelle
1572 2710 1685 2744 dic-ite

189 2759 346 2794 734—36
371 2761 509 2795 duobus
537 2764 707 2797 uersibus.
780 2765 845 2798 736
871 2766 1068 2809 superuiuo
1180 2767 1336 2801 vas—39
1364 2777 1432 2801 uno
1460 2777 1575 2801 «ersa.
