1854 3188
177 207 222 251 Η,
237 207 268 251 3,
286 208 419 242 56—73
847 208 1001 252 Captiui.
1590 212 1666 250 169

178 333 222 376 Si
253 348 330 387 ego
353 334 456 375 item
480 347 721 385 memorem,
754 347 865 387 quae
896 348 962 375 me
995 348 1097 387 erga
1124 335 1259 375 multa
1284 335 1423 375 fecisti
1455 334 1575 383 bene,
1600 344 1666 377 415

178 405 272 447 Nox
304 405 417 447 diem
447 405 631 457 adimat;
662 419 760 447 nam
792 406 911 458 quasi
938 419 1086 447 seruos
1113 419 1233 446 meus
1260 407 1330 457 sis,
1363 406 1500 448 nihilo
1527 405 1669 447 secius

177 477 280 518 Mihi
313 477 598 530 obsequiosus
631 490 798 532 semper
829 475 958 518 fuisti.

842 548 1009 602 Hegio

1104 621 1156 661 Di
1187 625 1380 662 uostrani
1414 620 1555 671 fidem,

179 692 411 734 Hominum
440 693 657 746 ingenium
687 691 886 733 liberale}
945 692 1255 741 Utlacrumas
1289 693 1514 733 excutiunt
1544 691 1666 732 mihil

182 764 338 806 Uideas
371 765 499 806 corde
530 778 676 806 amare
706 765 820 806 inter
852 778 908 815 se,
941 764 1088 817 quibus
1119 768 1159 805 et
1187 764 1360 817 quantis
1392 762 1596 804 laudibus

180 835 310 877 Suum
343 849 461 877 erum
495 850 643 878 seruos
675 836 968 878 conlaudauit.

782 907 814 948 T
824 923 848 962 y
860 923 887 948 n
901 907 927 948 (l
939 922 1030 949 aru
1044 922 1062 949 s

812 979 887 1021 Pol
918 980 1017 1020 istic
1048 993 1115 1021 me
1146 979 1262 1021 haud
1294 979 1576 1020 centesimam
1601 990 1669 1022 420

178 1051 352 1093 Partem
382 1051 544 1103 laudat,
578 1065 706 1105 quam
737 1052 830 1106 ipse
862 1052 1074 1103 meritust,
1106 1056 1155 1092 ut
1184 1051 1389 1093 laudetur
1420 1050 1635 1093 laudibus.

843 1124 1012 1178 Hegio

179 1195 292 1249 Ergo
325 1209 455 1249 quom
486 1199 659 1249 optume
690 1196 848 1248 fecisti,
880 1210 992 1238 nunc
1024 1196 1150 1238 adest
1180 1196 1349 1238 occasio

179 1266 415 1309 Benefacta
446 1267 678 1319 cumulare,
710 1273 758 1310 ut
790 1282 893 1322 erga
921 1268 1036 1310 hunc
1066 1282 1157 1310 rem
1189 1282 1314 1322 geras
1345 1266 1547 1308 fideliter.

756 1356 788 1397 P
798 1356 826 1397 h
836 1356 873 1397 il
887 1370 910 1398 o
922 1370 973 1398 cr
983 1360 1036 1398 at
1047 1370 1069 1398 e
1081 1370 1099 1398 s

180 1426 316 1480 Magis
332 1441 417 1469 non
432 1425 597 1474 factum
614 1441 791 1482 possum
809 1428 921 1470 uelle
939 1441 1068 1483 quam
1087 1441 1219 1481 opera
1236 1427 1435 1481 experiar
1451 1427 1669 1480 persequi.

180 1497 229 1539 Id
261 1501 310 1539 ut
341 1499 464 1549 scias,
497 1499 644 1541 Iouem
678 1515 927 1554 supremum
959 1504 1115 1542 testem
1147 1499 1289 1551 laudo,
1320 1498 1469 1552 Hegio,
1603 1509 1670 1543 425

185 1569 252 1610 Me
283 1569 500 1612 infidelem
529 1586 616 1613 non
647 1571 836 1614 futurum
869 1572 1118 1613 Philocrati.

845 1659 1011 1713 Hegio

1189 1729 1356 1771 Probus
1387 1743 1432 1770 es
1464 1729 1603 1770 homo.

761 1803 1101 1845 Philocrates

183 1874 271 1915 Nec
302 1887 367 1915 ine
400 1887 523 1916 secus
556 1889 759 1929 umquam
793 1877 830 1917 ei
862 1875 1077 1917 facturum
1103 1874 1337 1928 quidquam
1363 1886 1492 1926 quam
1518 1875 1677 1913 memet

1133 1946 1248 1988 mihi.

792 2019 1065 2074 Tyndarus

183 2089 323 2131 Istaec
355 2090 472 2132 dicta
502 2095 544 2132 te
576 2091 779 2144 expedire
811 2095 854 2133 et
887 2092 1029 2146 operis
1063 2096 1112 2133 et·
1135 2090 1261 2132 factis
1292 2090 1404 2140 uolo,

182 2161 238 2202 Et
261 2175 344 2214 quo
368 2162 509 2204 minus
537 2162 624 2204 dixi
649 2177 779 2215 quam
803 2163 935 2215 uolui,
967 2168 1087 2206 recte
1113 2164 1305 2204 animum
1331 2161 1539 2204 aduortas
1562 2160 1674 2211 uolo,

184 2233 324 2287 Atque
354 2233 517 2276 horunc
548 2233 779 2277 uerborum
811 2249 947 2277 causa
979 2250 1084 2278 caue
1110 2240 1158 2277 tu
1183 2235 1286 2276 mihi
1310 2235 1449 2276 iratus
1476 2233 1582 2274 fuas.
1609 2242 1677 2276 430

186 2304 268 2355 Sic,
300 2310 342 2347 te
374 2319 548 2359 quaeso,
582 2307 773 2362 cogitato
806 2307 905 2348 hinc
935 2322 1032 2349 mea
1062 2307 1147 2349 fide
1179 2307 1293 2348 mitti
1325 2306 1495 2348 domuin

184 2377 242 2418 Te
260 2382 550 2420 aestumatum
569 2383 611 2420 et
627 2392 765 2420 meam
785 2393 879 2421 esse
896 2380 1034 2421 uit-am
1050 2379 1120 2421 hic
1136 2393 1212 2433 pro
1230 2383 1273 2420 te
1290 2379 1476 2433 positam
1495 2375 1675 2430 pignori,

274 2562 340 2595 416
364 2573 450 2596 nam
476 2563 505 2596 si
532 2574 659 2597 seruus
683 2575 786 2598 meus
813 2575 911 2598 esses
1037 2565 1104 2599 418
1129 2563 1330 2598 Hominum
1354 2561 1542 2605 ingenium
1572 2564 1670 2595 ante-

189 2617 324 2652 cedenti
349 2620 472 2654 uersm'
502 2619 697 2655 adduntur.
770 2621 862 2655 Item
881 2621 1070 2665 principia
1095 2621 1202 2655 triam
1220 2620 1469 2663 proximorum
1493 2627 1672 2651 uersuum.

184 2675 251 2708 419
277 2675 409 2718 quibus
436 2678 472 2709 et
497 2686 563 2710 om.
686 2678 753 2711 425
778 2678 831 2712 uti
937 2689 1170 2722 suppremum
1195 2680 1327 2711 testem
1355 2675 1401 2708 do
1522 2674 1589 2707 428
1615 2684 1673 2707 ex-

182 2732 300 2775 perire
420 2734 485 2767 429
509 2733 610 2767 nolui
636 2732 680 2768 de
705 2736 742 2768 te
768 2735 931 2768 animum
1054 2736 1122 2769 430
1148 2736 1275 2768 caueto
1300 2731 1389 2766 mihi
1505 2732 1568 2764 431
1598 2728 1669 2764 Sed

251 2789 337 2824 hinc
363 2792 400 2824 te
425 2800 505 2824 mea
