1897 3171
747 191 790 225 V.
819 193 1008 227 563—583.
1540 201 1619 240 339

134 322 261 372 specie
291 321 406 358 huius
437 324 601 370 speciei,
642 322 792 359 scilicet
822 332 842 359 e
871 326 1051 359 manente
1081 323 1121 359 in
1152 324 1430 372 productione,
1471 326 1576 375 quod
1605 323 1622 364 i

134 393 224 427 ante
249 402 291 427 se
314 389 451 435 habet3
483 403 572 427 nam
599 391 630 427 si
658 404 737 427 non
762 389 915 436 habeat,
950 391 1184 440 corripietur
1214 391 1255 428 in
1287 394 1479 440 genetivo,
1512 398 1555 431 ut
1571 394 1620 431 ab

133 471 202 507 spe
233 458 327 507 spei,
360 471 401 494 re
431 458 500 504 rei,
533 457 609 495 fide
640 457 743 505 fidei,
778 471 1014 507 quamquam
1038 459 1078 495 in
1102 459 1310 497 Aulularia
1334 461 1496 498 Plautus
1527 461 1618 500 fidei

133 526 288 573 dixerit,
320 538 397 562 non
428 524 552 572 fide“;
593 527 646 563 sic
681 527 783 563 enim
816 526 1076 564 scribendum.
1102 546 1157 552 —
1184 529 1274 565 576.
1308 529 1431 574 Quum
1464 531 1619 568 omnino

133 596 387 643 antiquorum
412 607 496 632 mos
523 597 623 631 esset
651 595 874 631 securitatis
893 607 1006 631 causa
1023 596 1210 644 pecunias
1227 597 1267 632 in
1285 596 1444 634 deorum
1462 599 1620 648 templis

134 662 342 712 deponere,
374 664 457 699 tum
487 665 634 711 praeter
664 666 814 698 ceteros
845 661 941 699 huic'
966 663 1023 699 rei
1055 666 1149 713 apta
1178 663 1295 701 Fides
1325 664 1506 702 Euclioni
1536 667 1622 703 visa

132 733 203 767 est.
250 729 364 766 Fidei
388 743 427 766 se
451 734 585 767 notum
606 743 690 767 esse
709 731 817 776 dicit,
851 731 942 778 quia
967 731 1051 780 ipse
1075 744 1229 781 semper
1251 731 1366 769 fidem
1390 735 1618 780 servaverit,

132 811 294 847 eamque
332 798 533 844 hortatur,
580 812 627 835 ne
666 801 753 847 ipsa
786 812 808 834 a
837 799 993 835 nomine
1034 812 1103 836 suo
1143 799 1312 837 recedat.
1344 820 1400 825 —
1440 802 1531 838 577.
1579 801 1622 839 tu

133 879 385 904 numerorum
423 879 538 903 causa
578 866 725 903 delevit
755 866 897 912 Weis.,
940 869 1092 915 priores
1131 867 1352 905 Acidalium
1395 870 1517 905 secuti
1556 879 1618 906 me

132 934 382 971 sustulerant.
417 954 465 958 -
499 932 743 980 concreduo,
777 934 822 972 ef.
856 933 940 972 Cas.
974 936 1074 971 456:
1127 934 1408 982 „concredui“;
1457 938 1620 986 antiqua

130 1002 266 1049 forma,
299 1001 402 1039 unde
420 1003 660 1039 coniunctivi
676 1002 809 1039 formae
827 1001 1009 1039 creduam
1035 1008 1073 1039 et
1089 1004 1273 1050 creduim,
1306 1018 1341 1042 v.
1362 1005 1501 1042 Bacch.
1521 1006 1614 1042 473.

247 1207 337 1243 579.
370 1205 580 1254 Lyconidis
609 1219 754 1253 servus,
789 1208 849 1243 cui
875 1206 1066 1244 Strobilus
1092 1220 1241 1255 nomen,
1275 1208 1321 1245 ab
1346 1208 1440 1246 hero
1465 1210 1617 1256 missus,

131 1278 176 1311 ut
206 1273 254 1310 de
285 1273 492 1321 Megadori
523 1275 685 1324 nuptiis,
727 1287 812 1323 quae
844 1278 1022 1323 agantur,
1064 1276 1261 1325 exploret,
1293 1276 1502 1314 trochaicis
1533 1291 1619 1327 sep-

130 1343 294 1379 tenariis
340 1355 467 1379 secum
513 1342 560 1379 de
600 1343 701 1379 servi
741 1342 970 1380 condicione
1009 1344 1197 1393 loquitur.
1272 1344 1394 1394 Frugi
1440 1346 1542 1382 servi
1580 1359 1618 1382 se

131 1423 290 1460 operam
313 1414 502 1459 praestare
526 1409 708 1447 affirmat.
755 1410 997 1461 Principium
1020 1425 1156 1449 versus
1183 1412 1296 1450 affert
1312 1412 1462 1450 Nonius
1479 1427 1517 1463 p.
1539 1415 1617 1452 310

135 1475 345 1526 „Facinus
374 1475 544 1516 factum“
579 1492 776 1516 enarrans,
830 1489 1072 1529 persequor,
1104 1482 1129 1517 i.
1157 1494 1188 1518 e.
1215 1494 1416 1530 exsequor,
1451 1482 1496 1519 cf.
1526 1483 1617 1520 585.

129 1547 250 1584 Merc.
286 1548 384 1585 545:
421 1546 519 1593 „hoc
548 1550 592 1583 ut
623 1546 708 1583 dico
739 1547 852 1584 factis
884 1547 1140 1598 pe1·sequar“.
1201 1548 1320 1586 Stich.
1359 1551 1455 1586 145:
1502 1550 1617 1597 „Cer-

129 1618 262 1652 tumne
289 1618 349 1651 est
364 1618 543 1652 neutram
559 1618 783 1652 nostrarum
799 1617 981 1665 persequi
998 1617 1190 1665 inperium
1207 1614 1374 1666 patris.“
1416 1617 1504 1655 Ter.
1523 1618 1616 1656 Hec.

132 1684 232 1720 616:
270 1696 342 1729 „ex
371 1696 446 1720 usu
477 1682 582 1732 quod
615 1688 684 1729 est,
716 1684 757 1720 id
787 1683 1042 1734 pe1·sequar“.
1104 1684 1181 1722 Cic.
1200 1685 1250 1721 ad
1268 1685 1339 1731 Qu.
1358 1686 1405 1723 fr.
1424 1686 1472 1732 II,
1501 1687 1563 1733 14,
1594 1688 1615 1723 2

130 1754 170 1787 et
195 1752 238 1788 3:
283 1755 351 1799 „ut
380 1764 465 1788 mea
495 1751 677 1788 mandata
709 1750 876 1799 digeras,
909 1765 1156 1801 persequare,
1190 1752 1410 1792 conficias‘C
1438 1773 1486 1780 -—
1524 1756 1615 1792 580.

131 1815 198 1857 Ne
228 1815 383 1865 habeat,
415 1820 441 1856 i.
474 1833 506 1857 e.
539 1820 639 1857 nolit
670 1819 834 1866 habere3
868 1821 921 1857 sic
955 1820 1086 1867 codd.;
1119 1820 1206 1859 edd.
1239 1823 1437 1871 pleraeque
1473 1820 1616 1869 „Nec“,

129 1887 243 1924 male.
305 1883 503 1925 molestioe
549 1887 698 1937 aliquid
739 1888 884 1925 habere
927 1892 986 1925 est
1017 1889 1180 1926 moleste
1211 1889 1334 1936 ferre,
1380 1900 1506 1928 mora?
1536 1903 1617 1940 seg-

130 1956 235 1992 niter
267 1967 394 2003 agere.
425 1975 483 1979 —
515 1957 606 1993 581.
640 1955 803 1993 Versum
836 1956 948 1993 affert
979 1956 1128 1994 Nonius
1158 1970 1196 2007 p.
1232 1959 1309 1994 375
1343 1971 1372 1995 S.
1405 1972 1441 1996 v.
1466 1957 1615 2007 postu-

130 2019 234 2071 lare,
267 2023 315 2060 de
347 2036 423 2072 quo
453 2037 490 2061 v.
523 2024 573 2060 ad
602 2023 743 2074 Amph.
778 2025 870 2061 357.
902 2045 957 2049 —
989 2035 1038 2062 ex
1075 2022 1296 2073 sententia,
1337 2039 1387 2063 sc.
1420 2026 1515 2073 heri,
1548 2040 1618 2064 nec

132 2104 231 2140 opus
263 2104 349 2128 esse
380 2091 557 2129 arbitror
588 2105 673 2129 cum
704 2092 833 2129 Nonio
868 2090 974 2140 „eri“
1009 2093 1158 2142 legere,
1195 2107 1432 2143 quamquam
1462 2107 1615 2144 posses-

129 2159 255 2196 sivum
286 2158 379 2196 addi
411 2160 528 2206 solet,
571 2173 606 2197 v.
639 2160 744 2198 Men.
779 2161 872 2198 270.
906 2162 999 2199 998.
1036 2160 1156 2199 1177.
1225 2162 1312 2199 Ter.
1347 2162 1487 2200 Heaut.
1522 2164 1614 2200 683.

127 2246 183 2252 —
217 2228 307 2265 582.
354 2223 399 2264 in
430 2237 543 2265 erum
571 2228 734 2266 matura
766 2225 809 2265 in
840 2238 883 2266 se
914 2239 1008 2267 sera
1039 2227 1228 2268 condecet
1257 2240 1489 2278 capessere,
1529 2231 1553 2267 i.
1582 2243 1614 2267 e.

133 2295 197 2341 „in
213 2294 382 2342 negotiis
399 2293 590 2333 herilibus
606 2300 804 2332 maturare
830 2299 869 2333 et
895 2296 1122 2346 diligentem
1148 2311 1242 2345 esse,
1274 2299 1315 2335 in
1341 2299 1421 2335 suis
1441 2298 1615 2335 cunctari

130 2365 170 2399 et
207 2362 366 2399 tardum
401 2361 523 2401 esse“.
583 2363 734 2401 Nonius
771 2377 810 2413 p.
844 2365 923 2401 266
961 2363 1185 2414 „perferre“
1221 2370 1396 2412 enarrat,
1431 2369 1469 2402 et
1499 2365 1613 2412 Verg.

128 2430 218 2466 AEn.
253 2430 282 2477 Ι,
316 2432 390 2468 77:
436 2430 557 2478 „mihi
587 2433 693 2468 iussa
725 2445 925 2481 capessere
955 2433 1013 2469 fas
1045 2432 1129 2469 est“
1165 2434 1326 2471 confert.
1388 2433 1458 2470 Cui
1490 2432 1615 2469 simile

128 2497 290 2535 Plautus
320 2496 428 2536 Trin.
463 2499 565 2536 299:
617 2500 674 2545 „si
713 2512 894 2548 capesses
931 2513 1016 2537 mea
1046 2498 1239 2551 inperia‘st
1281 2521 1336 2525 --
1384 2501 1474 2538 583.
1522 2497 1614 2537 dor-

128 2562 247 2603 mitet
283 2566 411 2603 altero
449 2566 535 2603 loco
574 2567 650 2604 iam
680 2568 722 2604 in
753 2567 867 2606 codd.
903 2568 1171 2615 emendatum3
1219 2569 1351 2618 priore
1382 2568 1468 2604 loco
1499 2566 1612 2615 Wag-

128 2646 244 2670 nerus
271 2630 529 2681 ,‚dormitat“;
562 2633 631 2671 sed
661 2647 709 2671 ne
740 2635 838 2672 illud
869 2636 1026 2686 quidem
1054 2650 1076 2673 a
1099 2636 1240 2673 Plauto
1267 2635 1478 2672 abhorrere
1510 2634 1613 2671 arbi-

128 2703 226 2738 tror.
257 2721 313 2726 —
352 2701 430 2739 Pro
469 2711 558 2739 sese
594 2702 772 2749 Muller„
811 2703 868 2742 Pl.
901 2704 1064 2742 Prosod.
1096 2718 1136 2753 p.
1171 2705 1246 2741 181
1280 2706 1361 2740 not.
1397 2716 1462 2750 „se
1503 2698 1610 2739 esse“

129 2768 326 2817 postulat,
359 2769 407 2806 cf.
432 2772 564 2807 tamen
595 2769 645 2807 ad
668 2771 810 2820 Amph.
847 2773 966 2810 1011.
1012 2772 1120 2809 Asin.
1156 2772 1219 2807 67.

1278 2844 1341 2878 22*
