1854 3188
102 205 164 248 IV,
181 206 213 249 2,
229 204 351 246 22-3,
368 204 409 238 13
744 203 956 238 Bacchides.
1540 209 1591 247 99

679 328 1021 371 Pistoclerus

509 401 670 453 Abeas,
702 401 900 443 celeriter
931 400 1093 443 factost
1126 416 1243 455 opus.

704 473 991 515 Parasitus

102 545 224 598 Uale,
257 544 636 599 dentifrangibule.

679 617 1020 659 Pistoclerus

702 689 758 730 Et
789 693 849 740 tu,
881 690 1235 743 integumentum,
1267 691 1377 733 uale.
1403 715 1459 719 —

101 764 151 805 In
182 777 279 804 eum
308 762 417 804 haec
449 761 625 803 deuenit>
655 775 724 803 res
756 761 910 812 locum,
941 766 1000 811 ut,
1033 762 1137 815 quid
1170 763 1319 803 consili

101 835 211 877 Dem
241 848 336 876 meo
368 833 506 876 sodali
539 848 670 888 super
702 834 853 875 amica.
885 834 1089 885 nesciam,
1530 847 1595 880 605

103 906 185 957 Qui
214 907 352 948 iratus
384 906 679 947 renumerauit
712 919 835 947 omne
867 919 1021 946 aurum
1052 909 1180 959 patri.

100 980 252 1034 Neque
284 992 483 1020 nummus
515 977 658 1029 ullust,
692 978 765 1030 qui
797 977 1008 1019 reddatur
1038 977 1176 1019 militi.

102 1051 188 1094 Sed
216 1051 301 1093 huc
333 1050 585 1102 eoncedam3
616 1063 716 1090 nam
748 1048 1093 1103 conerepuerunt
1122 1049 1250 1090 fores.

100 1123 391 1166 Mnesilochus
423 1136 573 1165 eccum
604 1126 797 1163 maestus
828 1121 1106 1176 progreditur
1136 1123 1262 1163 frma-s.

415 1291 826 1334 MNESILOCHUS.
887 1291 1283 1334 PISTOCLERUS.

666 1383 1035 1426 Mnesilochus

100 1457 320 1508 PetulanS,
338 1462 556 1511 proteruo,
573 1455 782 1497 iracundo
801 1457 956 1507 animo,
984 1457 1207 1500 indomito,
1235 1458 1485 1511 incogitato,
1526 1471 1593 1504 610

103 1530 201 1572 Sine
232 1529 361 1572 modo
395 1533 437 1570 et
468 1527 682 1570 modestia
714 1543 821 1579 sum,
863 1529 953 1570 sine
984 1529 1098 1571 bono
1130 1531 1222 1571 iure
1255 1535 1387 1583 atque
1418 1529 1592 1583 honore,

99 1601 372 1644 Incredibilis
405 1602 618 1655 inposque
650 1600 794 1651 animi,
826 1601 1084 1652 inamabilis,
1116 1602 1333 1655 inlepidus
1364 1603 1479 1653 uiuo,

97 1673 390 1716 Maleuolente
421 1672 591 1727 ingenio
622 1676 770 1723 natus,
811 1676 1028 1726 postremo
1061 1673 1106 1714 id
1136 1673 1296 1725 mihist,
1329 1675 1446 1727 quod
1476 1675 1576 1716 uolo

97 1747 190 1801 Ego
223 1760 313 1788 esse
345 1745 457 1787 aliis.
519 1742 737 1785 Credibile
768 1743 849 1785 hoc
883 1744 975 1785 est'?
1037 1744 1233 1798 Nequior
1264 1751 1433 1788 nemost

98 1818 249 1872 Neque
279 1817 507 1871 indignior,
540 1817 642 1869 quoi
669 1816 712 1858 di
742 1816 1018 1858 benefaciant
1042 1830 1181 1869 neque
1209 1831 1335 1870 quem
1361 1819 1592 1872 quisquam

849 1889 976 1929 homo
1011 1894 1086 1929 aut
1120 1894 1234 1930 amet
1258 1895 1333 1931 aut
1358 1890 1500 1932 adeat.
1527 1902 1592 1935 615

98 1962 302 2004 Inimieos
336 1976 467 2016 quam
498 1962 659 2003 amicos
691 1962 891 2016 aequiust
922 1976 989 2002 me
1022 1961 1200 2012 habere3

97 2034 239 2076 Malos
270 2048 399 2087 quam
429 2034 567 2076 bonos
598 2047 678 2088 par
708 2034 845 2087 magis
876 2048 943 2074 me
975 2035 1140 2074 iuuare.

100 2105 309 2148 Omnibus
340 2106 522 2160 probris,
555 2119 665 2159 quae
697 2105 890 2159 inprobis
922 2106 1028 2147 uiris

98 2178 238 2232 Digna
270 2182 381 2229 sunt,
415 2177 584 2232 dignior
614 2177 759 2219 nullus
792 2182 856 2219 est
886 2178 1026 2229 homo,

100 2249 184 2299 Qui
214 2250 331 2304 patri
360 2249 530 2292 reddidi
563 2263 687 2291 omne
719 2263 874 2291 aurum
905 2263 1064 2301 amens,
1527 2263 1593 2296 620

100 2321 227 2372 Quod
256 2321 340 2364 fuit
368 2335 472 2376 prae
503 2335 643 2363 manu.
708 2321 864 2363 Sumne
897 2335 974 2375 ego
1006 2321 1133 2364 homo
1166 2323 1324 2363 miser?

99 2393 276 2436 Perdidi
304 2407 372 2435 me
404 2398 535 2448 atque
568 2407 746 2448 operam
778 2391 984 2447 Chrysali.

673 2465 1018 2507 Pistoclerus

102 2537 405 2580 Consolandus
435 2537 506 2578 hic
539 2537 706 2589 mihist3
740 2537 811 2578 ibo
844 2537 900 2578 ad
932 2552 1041 2579 eum.

99 2609 375 2660 Mnesiloche,
408 2609 512 2664 quid
542 2608 619 2651 fit?

174 2733 240 2767 604
263 2732 311 2767 In
336 2745 418 2768 eum
444 2745 542 2768 nune
566 2733 646 2767 haec
671 2734 817 2768 reuenit
910 2735 975 2768 616
1005 2745 1099 2777 equu
1128 2739 1159 2767 st
1185 2733 1220 2766 B
1302 2733 1367 2766 613
1392 2733 1589 2775 improbris

100 2791 168 2825 620
194 2801 319 2824 amans

1277 2857 1317 2889 7¹*
