1897 3171
277 197 356 234 318
914 191 1116 226 Aulularia.

275 321 431 370 quidem
464 321 629 358 alterum
658 324 789 358 utrum
828 320 1046 357 faciendum
1084 319 1260 366 videtur,
1307 323 1376 357 aut
1405 323 1449 356 ut
1479 320 1590 369 prior
1619 333 1754 357 versus

276 389 428 439 (Neque
458 387 581 437 ligna)
613 392 703 438 post
734 390 813 426 400
845 392 1029 438 ponatur,
1062 388 1164 424 alter
1195 386 1351 436 (Itaque
1376 386 1516 434 omnis)
1549 391 1638 436 post
1661 389 1754 434 401,

276 462 356 503 aut,
391 457 495 507 quod
527 458 640 494 unice
670 456 812 505 probo,
845 461 1008 506 uterque
1046 459 1137 505 post
1173 469 1208 493 v.
1242 456 1335 492 401.
1396 455 1611 492 Omittendi
1643 469 1758 493 causa

273 526 349 562 fuit
379 526 506 562 simile
537 538 718 562 versuum
749 526 997 575 principium.

388 595 480 631 298.
527 593 682 631 Codicis
712 593 743 630 B
782 595 979 642 scriptura
1015 587 1154 640 optati
1191 589 1302 629 ‘uires
1339 592 1544 628 manifesto
1575 595 1759 641 corrupta

276 665 344 698 est.
405 662 449 698 In
481 662 620 698 ceteris
656 657 799 709 Opta&
830 659 939 698 ciues
969 660 1216 697 emendatum
1241 662 1320 705 est3
1353 660 1421 696 sed
1446 673 1514 696 nec
1538 660 1641 696 ciues
1665 664 1757 709 apte

272 732 507 766 invocantur
537 731 614 766 nisi
645 744 666 767 a
696 731 796 767 cive.
845 729 1016 778 Congrio
1048 731 1180 765 autem
1211 741 1346 764 servus
1370 731 1429 764 est
1456 726 1509 774 (v.
1536 726 1656 775 302),
1688 742 1758 766 nec

281 796 452 847 ..optati‘·
482 798 575 834 ferri
605 801 749 848 potest,
781 799 956 846 quamvis
987 795 1241 846 „exoptatos“
1272 797 1586 846 interpretentur
1618 801 1658 833 et
1680 797 1756 834 Cic.

279 866 338 903 ad.
372 866 415 912 Q.
448 866 494 903 fr.
528 866 576 912 II,
611 868 634 904 8
677 864 828 912 („Vale,
862 866 911 902 nli
944 866 1088 914 optime
1119 868 1159 900 et
1189 865 1434 913 optatissime
1465 862 1631 912 frater‘')
1667 879 1757 903 con—

276 935 417 971 ferant.
494 934 658 971 Bothius
691 937 916 984 corruptum
949 947 1033 970 esse
1064 933 1278 979 intellexit,
1325 932 1395 969 sed
1425 946 1563 982 parum
1594 934 1760 970 feliciter

281 1001 464 1048 „obdati“
500 1003 666 1051 scripsit.
727 1003 806 1039 Nos
837 1002 890 1049 id,
933 1002 1037 1049 quod
1070 1002 1269 1038 sententia
1308 1001 1383 1038 loci
1420 1002 1621 1050 postulare
1651 1003 1758 1039 vide-

274 1073 402 1117 batur,
433 1067 706 1120 Opitodamim'
729 1071 940 1120 posuimus.
959 1090 1014 1094 —-
1034 1066 1264 1117 Populares
1288 1069 1405 1106 simili
1429 1071 1580 1106 ratione
1604 1071 1760 1107 invocat

275 1141 482 1178 Trachalio
514 1141 553 1176 in
585 1140 684 1176 Rud.
720 1141 819 1185 (315,
868 1139 1010 1175 Sannio
1042 1139 1081 1174 in
1112 1138 1199 1175 Ter.
1232 1137 1397 1187 Adelph.
1436 1139 1524 1175 155.
1593 1135 1758 1186 Incoloe,

275 1210 339 1258 qui
380 1210 419 1245 in
459 1222 527 1244 sua
564 1212 670 1244 terra
708 1208 904 1251 habitant,
946 1203 1111 1253 aec-olce,
1155 1208 1221 1255 qui
1258 1208 1298 1243 in
1337 1207 1502 1243 alienam
1541 1208 1761 1253 111igrar11nt

275 1275 474 1325 (μέτοικοι),
507 1274 688 1322 (ld‘uenoe,
721 1277 787 1325 qui
818 1289 982 1325 peregre
1014 1275 1180 1325 profecti
1212 1275 1374 1311 fortuito
1405 1274 1559 1312 adsunt.
1588 1295 1635 1298 ——
1663 1277 1757 1313 400.

275 1346 369 1383 Cum
402 1342 563 1383 mechis
593 1357 695 1394 saepe
727 1348 1001 1392 comparantur
1031 1344 1167 1381 furiosi
1199 1343 1386 1390 homines,
1418 1357 1453 1379 v.
1489 1343 1629 1392 Amph.
1665 1345 1758 1380 696.

274 1414 412 1451 Bacch.
435 1415 498 1451 51.
519 1415 620 1459 3683
654 1412 699 1449 cf.
727 1414 845 1449 etiam
869 1413 973 1450 Men.
993 1414 1085 1449 822.
1146 1407 1386 1449 Bacchanal
1417 1415 1455 1447 et
1486 1424 1596 1447 sacra
1621 1411 1760 1448 Bacchi

274 1482 467 1530 significat
499 1486 537 1518 et
566 1482 705 1523 locum,
737 1481 805 1517 ubi
836 1480 934 1517 fiunt
962 1481 1060 1517 talia
1090 1493 1211 1525 sacra,
1245 1480 1291 1516 cf.
1326 1480 1428 1516 infra
1459 1481 1553 1516 405.
1609 1479 1678 1517 SC.
1712 1480 1759 1516 (16

275 1551 467 1588 Bacchan.
501 1549 559 1595 (C.
584 1550 613 1586 Ι.
640 1550 682 1587 L.
707 1548 801 1596 190)
833 1553 931 1586 extr.
969 1549 1074 1595 „utei
1107 1561 1153 1584 ea
1183 1548 1385 1584 bacanalia
1409 1578 1417 1585 .
1437 1578 1445 1585 .
1466 1578 1473 1584 .
1498 1548 1651 1584 faciatis
1680 1548 1761 1584 utei

275 1618 443 1655 dismota
472 1617 615 1656 sient“.
678 1618 759 1655 Liv.
794 1618 982 1664 XXXIX,
1021 1619 1089 1663 18,
1124 1620 1166 1654 7:
1205 1616 1479 1662 „bacchanalia
1517 1614 1757 1653 diruerent‘*.

275 1707 329 1712 —
354 1685 617 1735 coquimtfzcm
649 1687 758 1724 codd.
793 1690 832 1723 et
857 1686 954 1723 Non.
980 1699 1018 1735 p.
1047 1688 1110 1732 85,
1145 1686 1212 1734 qui
1243 1688 1417 1721 enarrat:
1454 1684 1529 1731 „ad
1560 1697 1757 1734 quoquen-

276 1753 407 1801 dum“,
441 1760 480 1791 et
511 1756 612 1792 hunc
644 1769 797 1792 versum
831 1754 956 1792 affert.
1004 1755 1102 1790 Item
1134 1753 1274 1790 Pseud.
1302 1753 1381 1789 858
1414 1756 1451 1788 et
1478 1754 1570 1790 879.
1617 1752 1670 1789 Et
1701 1756 1762 1790 est

277 1824 416 1861 Pseud.
443 1825 521 1861 796
560 1824 708 1869 „forum
739 1822 986 1872 coquinunr‘,
1027 1822 1132 1871 apud
1162 1822 1400 1870 posteriores
1436 1834 1522 1867 „ars
1553 1819 1760 1870 coquina“,

282 1906 397 1939 „vasa
421 1891 688 1941 coquinaria“,
713 1892 866 1938 similia,
900 1891 968 1927 sed
1001 1894 1040 1926 et
1069 1890 1149 1926 haec
1175 1889 1363 1926 vocabula
1386 1886 1402 1926 27
1424 1889 1580 1938 longum
1604 1889 1760 1935 habent,

277 1974 345 1997 nec
376 1960 560 2006 verbum,
608 1960 713 2010 quod
743 1960 780 1997 h.
813 1961 838 1997 l.
871 1958 1134 2004 desideratur,
1182 1958 1228 1995 ab
1266 1958 1335 1994 illo
1382 1957 1576 1994 adiectivo
1622 1957 1762 1994 deduci

276 2029 462 2076 debebat,
508 2029 576 2065 sed
608 2043 629 2065 a
660 2028 853 2077 coquendi
883 2027 1024 2067 verbo.
1066 2040 1186 2075 quare
1218 2025 1425 2063 admodum
1457 2026 1669 2062 verisimile
1702 2030 1761 2062 est

278 2111 429 2134 errasse
454 2097 638 2134 librarios
669 2097 872 2133 Plautinos
905 2100 944 2131 et
975 2092 1224 2143 coquital‘nm
1254 2093 1501 2131 scribendum
1526 2107 1621 2139 esse,
1657 2093 1763 2142 quod

276 2166 428 2216 praebet
458 2165 565 2202 Festi
595 2165 702 2213 Epit.
734 2178 773 2214 p.
809 2165 879 2201 01:
931 2163 1166 2212 „Coquitare
1211 2176 1283 2212 pro
1323 2164 1532 2208 coctit-are,
1564 2163 1589 2198 i.
1622 2175 1653 2198 e.
1685 2162 1762 2198 fre-

277 2238 443 2283 quenter
473 2246 656 2283 coquere,
697 2232 860 2269 Plautus
890 2228 1063 2280 posuit‘·'.
1094 2251 1150 2255 —
1181 2232 1274 2269 401.
1324 2228 1604 2267 contmlerzmt.
1651 2230 1761 2267 Unus

277 2303 413 2340 Euclio
459 2303 550 2348 fuit,
604 2302 678 2337 nisi
727 2300 830 2337 forte
876 2299 1028 2337 adiuvit
1075 2299 1284 2349 Staphyla3
1341 2312 1488 2347 coquus
1532 2298 1762 2335 verberatus

277 2385 358 2408 rem
389 2373 517 2418 auget.
550 2389 603 2394 —
634 2370 728 2406 402.
776 2365 911 2417 [liqna
941 2382 988 2404 ne
1019 2368 1216 2415 deessent,
1255 2380 1381 2416 nuper
1411 2367 1560 2402 veritus
1590 2370 1674 2402 erat
1707 2363 1760 2412 (v.

280 2441 358 2476 349
391 2435 490 2488 sq.);
535 2439 612 2475 iam
649 2438 776 2487 plagis
814 2436 915 2473 male
945 2440 1138 2473 tractatus
1168 2436 1440 2483 fustibusque,
1487 2438 1532 2471 ut
1562 2434 1759 2479 dicebant,

278 2508 454 2545 onec-§ms
483 2508 593 2553 (403,
621 2506 668 2543 cf.
687 2505 736 2542 ad
752 2505 867 2553 Epid.
888 2503 984 2549 371)
1007 2517 1198 2553 perquam
1216 2503 1435 2540 liberaliter
1460 2503 1565 2551 ligna
1591 2502 1758 2550 praeberi

280 2577 393 2622 dicit;
424 2589 514 2613 nam
532 2575 593 2611 vel
610 2576 649 2611 in
672 2574 809 2610 dolore
833 2577 873 2609 et
894 2574 1034 2609 timore
1058 2572 1224 2608 ridicula
1249 2572 1401 2621 quaerit.
1418 2590 1473 2594 -—
1491 2571 1585 2607 403.
1618 2569 1760 2606 Versus

278 2646 450 2694 priorem
480 2648 633 2693 partem
665 2642 776 2679 affert
804 2641 953 2678 Nonius
983 2654 1020 2689 p.
1056 2642 1154 2678 290:
1199 2637 1382 2688 „esi-(sere
1412 2642 1471 2674 est
1502 2635 1760 2683 excludere“;

279 2715 395 2749 immo
426 2713 577 2749 eiicere.
638 2711 714 2748 Sed
740 2710 915 2760 quamvis
939 2712 978 2745 et
1002 2708 1113 2745 codd.
1138 2708 1312 2744 Plautini
1344 2711 1382 2743 et
1413 2706 1688 2755 grammaticus
1719 2706 1760 2742 in

279 2794 359 2818 voe.
388 2777 534 2829 Imque
558 2781 812 2824 consentiant,
845 2782 990 2822 tamen,
1030 2778 1062 2813 si
1086 2789 1220 2812 versus
1246 2775 1474 2812 retinendus
1499 2779 1569 2819 est,
1602 2786 1760 2809 necesse
