1897 3171
269 192 352 231 412
907 187 1119 223 Bacchides.

385 318 476 355 524.
518 317 620 354 Dum
651 315 918 354 Mnesilochus
949 319 1056 354 intro
1087 317 1135 354 ad
1166 322 1319 368 patrem
1349 319 1402 365 it,
1443 317 1681 355 Pistoclerus
1713 330 1761 353 ex

270 385 419 422 aedibus
457 384 664 423 Bacchidis
705 385 797 422 exit.
873 385 916 421 In
956 385 1192 434 egrediendo
1238 387 1272 422 ei
1316 386 1535 436 promittit,
1582 399 1622 423 se
1663 385 1761 422 nihil

268 454 378 502 prius
419 454 616 491 facturum
657 467 773 502 quam
813 457 857 490 ut
888 453 1171 490 Mnesilochum
1212 458 1389 502 quaerat.
1431 475 1486 479 —
1525 453 1762 491 anteuertar

269 522 385 558 etiam
417 522 457 558 in
487 522 521 558 A
552 522 630 570 legi
663 521 832 558 affirmat
863 519 1051 571 Geppert,
1085 520 1198 559 Stud.
1230 536 1268 572 p.
1297 523 1361 569 34,
1395 536 1513 571 quum
1543 522 1589 559 R.
1627 524 1760 568 „ante-

269 588 444 626 uertam“
480 590 659 638 legisset,
692 590 872 640 proximo
904 593 1033 627 autem
1065 603 1181 626 versu
1208 594 1352 639 „atque
1381 588 1492 627 eum“
1528 591 1670 626 omisso
1700 589 1759 627 ut.

271 676 319 681 —
365 659 455 695 526.
502 655 629 696 szc‘
659 672 705 694 ex
736 658 769 694 A
800 659 941 706 recepi,
988 671 1077 694 nam
1121 657 1217 695 duos
1254 661 1405 695 tantum
1445 659 1594 712 primos
1624 670 1760 694 versus

267 725 453 762 Bacchidi
486 726 613 763 dicere
646 725 824 771 videtum
854 725 899 762 cf.
932 726 1020 762 Aul.
1057 727 1147 763 690.
1181 745 1237 750 -
1269 736 1292 763 α
1321 736 1385 762 me
1416 722 1547 775 tetiyit
1576 722 1758 772 reamabis,

269 793 315 831 cf.
352 795 442 831 194.
483 814 537 819 —
578 796 669 831 5727.
712 793 938 831 remoretur
967 794 1013 830 A.
1053 814 1109 818 —
1148 790 1226 831 Ibo
1257 793 1302 831 ‘m‘
1329 791 1463 831 visam
1492 793 1558 840 id„
1597 797 1641 830 ut
1670 793 1760 831 Aul.

271 863 334 899 65.
369 864 461 899 704.
510 862 648 910 Amph.
686 863 784 906 287,
818 861 887 898 sed
920 863 1039 898 etiam
1071 862 1111 899 et
1139 862 1233 899 ferri
1264 865 1409 911 potest,
1443 861 1522 899 vid.
1548 861 1595 898 ad
1618 861 1760 910 Amph.

274 930 393 967 1091.
442 930 527 967 Ter.
561 930 702 967 Heaut.
741 931 840 966 170:
878 930 978 977 .,ibo,
1011 932 1135 966 uisam
1168 932 1199 966 si
1232 928 1414 967 domist“.

384 999 475 1034 528.
508 998 601 1034 Exit
624 997 888 1034 Mnesilochus
912 997 1090 1035 confecta
1113 1010 1168 1034 re.
1209 997 1352 1034 Hiatus
1376 1001 1467 1047 post
1482 995 1600 1045 patri
1621 1011 1762 1047 parum

268 1066 491 1103 verisimilis
523 1071 600 1111 est,
641 1066 686 1102 R.
725 1063 860 1109 ..meo⁴‘
898 1064 1027 1111 addit,
1060 1064 1215 1102 Muller.
1254 1063 1397 1111 „ia1n“.
1432 1085 1485 1090 -—
1519 1067 1610 1103 529.
1642 1066 1760 1114 post-

271 1144 393 1183 quam
429 1132 567 1171 inanis
596 1144 707 1179 sum,
741 1135 765 1179 i,
799 1147 831 1171 e.
864 1137 1070 1182 postquam
1103 1134 1231 1170 inanis
1262 1133 1387 1170 factus
1418 1147 1520 1179 sum,
1562 1133 1607 1170 cf.
1639 1133 1760 1171 Most.

269 1204 370 1239 152:
423 1206 659 1251 „postquam
690 1202 804 1239 nihili
835 1200 959 1238 smn“.
995 1203 1096 1238 910:
1147 1204 1380 1250 ..postquam
1410 1205 1502 1238 tuus
1543 1199 1667 1238 sum“.
1705 1221 1762 1227 —

272 1272 362 1308 530.
399 1271 522 1318 pater
554 1268 669 1307 dedit
700 1270 824 1315 codd„
858 1283 892 1306 v.
926 1269 1030 1306 Prol.
1066 1270 1158 1306 204.
1192 1290 1246 1294 —-
1281 1271 1371 1307 531.
1413 1270 1672 1310 suscenseat.
1712 1270 1759 1307 cf.

269 1339 318 1375 ad
348 1338 489 1388 Amph.
527 1340 617 1375 192.
653 1358 700 1362 —
740 1339 831 1375 533.
866 1333 1084 1375 contollam
1107 1337 1254 1375 Camer.
1283 1351 1329 1374 ex
1355 1338 1445 1374 Aul.
1465 1339 1558 1375 806.
1587 1357 1635 1362 —
1667 1339 1757 1376 536.

267 1403 417 1456 Atque,
452 1410 490 1443 et
521 1407 691 1455 quidem,
726 1405 803 1443 vid.
838 1405 885 1442 ad
917 1405 1060 1455 Amph.
1095 1406 1188 1443 278.
1251 1415 1461 1443 acerruma
1493 1419 1565 1442 em.
1597 1406 1703 1443 Pius.

383 1476 587 1512 538—49.
636 1474 717 1511 Hos
757 1487 893 1511 versus
935 1473 982 1510 ab
1020 1474 1055 1510 A
1095 1473 1228 1510 abesse
1276 1477 1449 1510 testatur
1503 1473 1760 1512 Studemund.

269 1543 477 1590 Festgruss
509 1547 581 1580 etc.
614 1556 651 1591 p.
685 1543 733 1579 41
770 1555 876 1591 sqq.,
925 1553 1122 1591 quumque
1154 1543 1272 1578 etiam
1304 1542 1503 1579 Charisius
1534 1555 1572 1591 p.
1609 1543 1686 1580 184
1717 1542 1761 1581 Ρ.

269 1623 325 1643 Ξ
346 1612 423 1648 205
443 1611 488 1657 K,
522 1615 730 1660 postquam
763 1623 798 1647 v.
829 1611 905 1647 543
939 1610 1126 1656 laudavit,
1160 1609 1297 1646 addat:
1336 1611 1399 1656 „in
1423 1610 1659 1659 quibusdam
1684 1624 1764 1649 non

268 1677 474 1716 feruntur·‘
516 1679 585 1726 (sic
626 1680 748 1724 enim,
797 1691 873 1714 non
910 1676 1088 1724 „ferunt“
1130 1677 1339 1725 legendum
1371 1678 1530 1715 videtur
1562 1691 1647 1715 cum
1678 1678 1762 1715 Rit-

269 1747 414 1784 schelio
446 1746 606 1794 Parerg.
631 1760 669 1796 p.
697 1744 809 1792 418),
843 1749 971 1782 totum
1002 1745 1105 1782 hunc
1134 1746 1264 1783 locum
1296 1747 1469 1795 spurium
1502 1745 1660 1792 iudicat,
1693 1758 1764 1783 neo

268 1816 403 1864 negari
447 1818 581 1864 potest
627 1815 773 1864 optime
806 1814 947 1852 abesse
984 1827 1100 1863 posse
1139 1816 1340 1864 magisque
1380 1827 1514 1852 eorum
1560 1814 1760 1863 ingenium

269 1896 428 1932 sapere,
477 1883 543 1931 qui
581 1883 692 1919 brevi
730 1886 821 1932 post
853 1881 985 1919 Plauti
1023 1886 1187 1919 mortem
1225 1882 1379 1920 fabulas
1411 1883 1494 1919 eius
1525 1881 1760 1928 referebant,

270 1964 384 2000 quam
415 1952 538 1999 ipsius
570 1950 713 1988 Plauti.
756 1970 811 1974 --
859 1951 950 1987 539.
997 1945 1098 1997 falsi
1128 1963 1198 1988 em.
1232 1950 1338 1988 Pius.
1370 1946 1640 1998 falsmzoniis,
1687 1962 1763 1987 vox

267 2019 339 2055 hoc
369 2030 447 2055 uno
477 2018 563 2055 loco
594 2021 762 2067 reperta.
824 2017 1013 2066 Repetita
1049 2019 1159 2055 notio
1198 2018 1433 2056 falsissimos
1474 2031 1555 2054 esse
1597 2017 1758 2055 indicat.

271 2106 320 2112 —-
357 2087 447 2123 540.
481 2084 663 2135 factiosi,
683 2088 748 2135 qui
766 2086 891 2123 multa
908 2085 1068 2132 faciunt,
1097 2088 1257 2133 strenui,
1277 2090 1534 2135 opponuntur
1549 2086 1759 2123 inertibus.

267 2154 416 2192 Eadem
454 2153 739 2201 significatione
780 2153 877 2203 Nep.
911 2153 1080 2204 Lysand.
1117 2155 1151 2200 l,
1196 2155 1240 2191 3:
1299 2167 1410 2200 „cum
1451 2158 1569 2190 antea
1608 2166 1762 2202 semper

266 2222 452 2260 factiosus
477 2221 682 2270 audaxque
706 2222 866 2268 fuisset,
900 2224 954 2260 sic
985 2223 1061 2260 sibi
1092 2220 1295 2259 indulsit“.
1315 2241 1370 2246 -—
1393 2218 1578 2260 sublesta
1610 2221 1670 2259 ed.
1697 2234 1758 2271 pr.

268 2290 314 2328 cf.
346 2290 444 2327 Non.
472 2303 510 2339 p.
540 2291 637 2326 177:
683 2289 931 2334 ..Sublestum
964 2294 1024 2327 est
1054 2291 1151 2337 leve,
1185 2290 1383 2327 frivolum.
1437 2289 1603 2327 Plautus
1635 2288 1760 2336 (Pers.

271 2359 348 2396 348
376 2356 472 2407 sq.):
510 2357 634 2406 „Nam
666 2356 714 2394 ad
744 2362 1023 2406 paupertatem
1054 2360 1086 2395 si
1112 2358 1338 2406 admigrant
1362 2358 1556 2405 infamiae,
1590 2357 1761 2395 Grauior

265 2431 478 2477 paupertas
508 2425 564 2472 fit,
597 2425 695 2462 fides
727 2424 981 2462 sublestior“.
1043 2426 1149 2463 Fest.
1182 2439 1220 2475 p.
1255 2425 1335 2463 294
1367 2425 1496 2463 addit:
1549 2426 1683 2473 „Idem
1714 2427 1757 2462 in

266 2495 496 2531 Nervolaria
526 2494 660 2530 vinum
702 2495 758 2530 ait
796 2493 1146 2540 sublestissimum,
1190 2495 1281 2543 quia
1321 2494 1495 2532 infirmos
1532 2494 1655 2531 faciat
1694 2494 1757 2530 vel

267 2575 431 2612 corpore
460 2562 522 2598 vel
554 2560 722 2600 animo“.
753 2581 810 2587 -—
842 2561 934 2598 541.
979 2559 1075 2609 quoi
1104 2572 1187 2599 non
1217 2559 1433 2600 inuidecmt
1463 2576 1532 2600 em.
1566 2561 1752 2609 Scaliger,

267 2630 313 2668 cf.
346 2630 502 2667 Trucul.
537 2631 636 2666 732:
688 2629 812 2675 ¹„Nam
842 2629 1020 2666 inuidere
1053 2630 1119 2667 alii
1152 2630 1250 2666 bene
1280 2643 1384 2676 esse,
1418 2630 1493 2667 sibi
1524 2630 1625 2666 male
1659 2642 1756 2676 esse,

265 2696 502 2735 miseriast“.
534 2717 590 2722 -
631 2700 722 2736 542.
762 2698 858 2736 Post
888 2707 937 2735 ne
967 2697 1119 2743 hiatur:
1167 2698 1282 2735 Both.
1316 2698 1362 2735 R.
1396 2697 1475 2735 FL:
1528 2696 1759 2744 „Sibimet·'‘.

266 2763 438 2815 ve‘ymmz'a
454 2766 701 2803 Hermannus
719 2779 791 2803 em.
809 2785 863 2790 ——
883 2765 974 2803 543.
998 2775 1199 2814 perquam
1215 2763 1412 2803 meditate
1429 2764 1551 2812 tenes,
1579 2768 1760 2802 accurate
