1897 3171
784 185 825 219 V.
851 187 1016 220 90—107.
1564 189 1644 227 383

159 320 228 354 est.
275 315 490 353 Abiiciatur
520 316 642 363 igitur
674 315 984 351 additamentum
1011 314 1152 351 Plauto
1184 314 1396 364 indignum.
1447 315 1643 365 Ladewig.

156 386 197 422 in
227 384 369 421 Philol.
400 383 529 429 XVII,
576 396 613 432 p.
648 383 727 421 268
768 383 816 419 ad
857 383 1099 431 deperditam
1138 383 1306 431 aliquam
1340 397 1494 421 scenam
1525 385 1644 432 perti-

157 453 289 490 nuisse
331 453 494 489 censuit.
541 471 596 476 —-
645 452 733 488 106.
783 448 908 488 lotum
948 464 1020 488 em.
1054 451 1213 487 Becker.
1256 451 1302 487 de
1344 452 1500 489 comicis
1531 452 1642 489 Rom.

157 520 298 557 fabulis
330 533 367 569 p.
403 521 437 557 8.
500 519 677 567 Seyffert.
710 520 750 556 in
781 519 921 556 Philol.
955 519 1078 565 XXX,
1112 533 1150 568 p.
1186 521 1206 556 3
1239 521 1445 569 proposuit
1481 522 1546 566 „in
1575 533 1645 569 py-

159 586 299 635 elum“,
333 589 418 626 coll.
453 587 569 625 Stich.
606 589 696 626 568.
731 608 785 612 -
827 587 868 625 m*
898 585 1018 625 sedes
1050 584 1360 631 Iassitmlinem,
1408 588 1453 624 cf.
1488 587 1643 624 Trucul.

160 658 258 695 327:
296 656 419 703 „Mihi
451 669 606 705 quoque
638 669 731 705 prae
764 655 998 693 lassitudine
1030 668 1126 704 opus
1159 659 1218 692 est
1248 653 1416 692 lauem“.

275 726 364 763 107.
396 724 636 762 Pistoclerus
667 724 771 761 redit
802 738 824 760 a
854 724 1017 761 macello
1054 727 1092 760 et
1115 723 1212 768 foro,
1247 736 1322 772 quo
1347 736 1472 773 nuper
1496 723 1646 760 abierat

161 792 212 840 (V.
248 792 331 839 98).
413 792 648 830 Ritschelius
681 791 737 838 (in
768 792 868 830 Mus.
902 792 1023 830 Rhen.
1055 792 1120 837 IV,
1165 789 1260 838 599)
1301 805 1387 828 eum
1425 795 1505 828 tam
1536 791 1647 828 brevi

158 866 336 911 tempore
369 863 535 910 opsonia
566 873 694 897 emere
725 861 898 909 potuisse
930 861 1093 897 miratus
1125 860 1197 897 hoc
1228 860 1314 897 loco
1346 872 1491 896 novum
1517 863 1646 896 actum

158 930 297 978 incipit
327 933 365 966 et
395 942 462 965 sex
494 928 608 965 huius
639 929 780 965 fabulae
814 932 921 965 actus
959 929 1079 965 fuisse
1119 927 1301 966 affirmat.
1378 927 1489 973 Quod
1528 941 1645 976 quam

158 998 271 1035 nihili
302 999 372 1044 sit,
418 998 458 1033 in
489 997 777 1046 prolegomenis
808 1009 844 1045 p.
883 996 1072 1034 164—69
1105 996 1420 1033 monstravimus.
1482 996 1647 1044 Antiqui

158 1066 254 1103 talia
298 1078 375 1102 non
430 1066 580 1102 curiose
636 1064 881 1102 rimabantur
935 1078 1005 1102 nec
1058 1067 1097 1102 in
1152 1064 1220 1101 illa
1264 1077 1305 1100 re
1351 1065 1434 1100 veri
1479 1065 1646 1113 speciem

159 1133 408 1172 affectabant.
490 1133 669 1182 Persaepe
708 1134 824 1181 pauci
855 1147 990 1170 versus
1029 1136 1069 1170 in
1116 1146 1229 1169 scena
1274 1133 1504 1178 recitantur,
1554 1132 1646 1168 dum

159 1206 270 1239 extra
300 1215 453 1239 scenam
485 1214 531 1238 ea
562 1200 680 1247 fiunt,
729 1214 813 1250 quae
848 1205 1025 1238 accurate
1066 1205 1202 1238 exacta
1239 1204 1461 1250 temporum
1490 1202 1648 1238 ratione

160 1271 330 1319 spatium
370 1270 493 1307 multo
532 1271 655 1306 maius
694 1269 963 1318 postularent,
996 1283 1067 1306 nec
1100 1283 1144 1306 ea
1175 1269 1222 1305 de
1254 1282 1371 1306 causa
1402 1272 1648 1319 spectatores

158 1339 305 1376 morari
330 1341 497 1375 sustinet
525 1342 655 1388 poeta.
703 1337 940 1374 Ritschelius
972 1338 1055 1387 ipse
1087 1351 1132 1374 ex
1164 1337 1233 1373 hac
1265 1336 1397 1374 fabula.
1428 1337 1647 1386 exemplum

160 1407 294 1444 attulit
323 1420 399 1444 vss.
435 1407 646 1452 365—813
680 1406 844 1442 alterum
876 1405 968 1442 addi
999 1409 1142 1454 potest,
1175 1419 1249 1442 vss.
1284 1406 1492 1442 908—19.
1560 1405 1649 1441 Alia

159 1475 357 1526 permulta
395 1476 660 1521 invenientur,
707 1473 817 1510 velut
855 1474 894 1510 in
932 1473 1398 1520 Heautontimorumeno,
1447 1486 1562 1523 quem
1602 1486 1649 1509 ex

163 1543 299 1580 eodem
337 1542 556 1580 Menandro
595 1542 800 1579 Terentius
838 1543 969 1578 vertit.
1044 1541 1103 1578 Ibi
1149 1541 1241 1578 dum
1278 1554 1412 1578 versus
1455 1542 1644 1578 559—61

164 1614 350 1661 aguntur,
399 1610 580 1648 Chremes
617 1612 657 1647 in
698 1610 798 1646 aedes
837 1610 961 1647 intrat
999 1613 1037 1646 et
1076 1609 1346 1646 animadversa
1386 1609 1546 1646 lascivia
1576 1609 1648 1645 filii

164 1692 246 1716 cum
264 1692 309 1716 eo
336 1679 424 1716 inde
449 1678 669 1727 egreditur,
702 1678 822 1727 paulo
847 1682 936 1726 post
953 1678 1050 1726 Syro
1067 1678 1248 1714 undecim
1265 1690 1400 1714 versus
1420 1674 1650 1724 (668—78)

159 1748 441 1797 pronuntiante
467 1747 547 1783 filia
571 1760 592 1783 a
614 1746 845 1796 parentibus
873 1749 1121 1794 agnoscitur3
1149 1746 1240 1783 dum
1265 1745 1448 1782 Chremes
1475 1746 1647 1794 quinque

159 1828 296 1852 versus
335 1819 374 1851 et
405 1815 608 1851 dimidium
643 1812 870 1861 (949—54)
911 1815 1161 1863 pronuntiat,
1212 1813 1316 1850 filius
1355 1827 1376 1850 a
1416 1813 1648 1850 Menedemo

161 1885 353 1932 comperit
382 1887 533 1933 patrem
566 1896 677 1920 suum
711 1884 914 1921 consilium
948 1884 1095 1933 cepisse
1126 1881 1367 1927 inauditum,
1409 1885 1454 1918 ut
1493 1894 1647 1918 omnem

159 1964 241 1988 rem
273 1951 504 1988 familiarem
534 1950 623 1987 filiae
663 1951 746 1988 doti
788 1952 948 1988 diceret.
980 1971 1036 1976 -—-
1066 1950 1305 1987 Pistoclerus
1338 1953 1468 1987 autem
1500 1949 1649 1986 incedit-

161 2019 441 2056 comitantibus
471 2020 592 2056 servis
625 2020 791 2068 opsonia
821 2019 1072 2068 portantibus
1104 2019 1339 2068 coquisque‚
1383 2031 1418 2055 v.
1455 2019 1546 2054 112.
1582 2018 1646 2054 94.

161 2086 294 2136 Lydus
323 2087 562 2136 paedagogus
596 2088 700 2133 eius,
749 2087 843 2136 quid
883 2089 975 2124 novi
1014 2088 1193 2123 alumnus
1232 2086 1438 2130 moliatur,
1485 2086 1648 2122 miratus

161 2169 248 2192 eum
273 2167 344 2204 per
367 2155 528 2204 aliquod
552 2160 707 2205 tempus
732 2155 967 2200 observavit,
1002 2159 1043 2191 et
1066 2155 1222 2191 domum
1247 2167 1368 2200 suam,
1402 2156 1446 2190 ut
1468 2153 1645 2203 putabat,

159 2223 390 2260 redeuntem
411 2212 538 2260 ¹tacite
576 2227 732 2260 secutus
772 2228 843 2260 est.
904 2223 979 2260 Sed
1011 2236 1131 2272 quum
1161 2223 1338 2272 paternis
1369 2221 1516 2258 aedibus
1549 2234 1647 2270 prae-

160 2292 291 2327 teritis
314 2291 419 2328 ultra
442 2295 593 2340 pergat,
621 2290 942 2338 indignabundus
967 2304 1053 2327 eum
1079 2291 1295 2339 alloquitur
1321 2293 1370 2336 et,
1399 2302 1474 2338 quo
1498 2288 1647 2333 tendat,

159 2360 392 2406 interrogat.
460 2358 505 2395 In
537 2359 608 2396 hac
639 2373 752 2396 scena-
783 2359 921 2396 festive
952 2360 1170 2408 pinguntur
1201 2371 1329 2394 mores
1359 2360 1441 2393 tam
1471 2356 1646 2405 magistri

161 2428 285 2463 severi
325 2432 362 2463 et
394 2427 553 2476 antiqui
592 2440 708 2476 quam
747 2427 1008 2464 adulescentis
1040 2427 1209 2463 amantis
1241 2430 1280 2462 et
1310 2424 1458 2461 hilaris.
1520 2424 1648 2460 Prave

161 2498 366 2544 argutatur
397 2494 710 2531 Schneidewinus
751 2496 791 2531 in
822 2495 925 2532 Mus.
957 2495 1083 2532 Rhen.
1115 2494 1171 2541 II,
1204 2507 1242 2543 p.
1276 2494 1355 2529 416
1387 2505 1471 2540 sqq.
1509 2491 1647 2537 .,huius

160 2575 283 2599 scenae
314 2559 437 2599 sales⁴⁴
475 2562 673 2600 affirmans
709 2568 927 2612 „peipetua
953 2562 1120 2612 quadam
1148 2561 1467 2609 gravissimarum
1494 2563 1647 2596 senten-

159 2630 303 2666 tiarum
336 2630 500 2678 παρῳδίᾳ
532 2631 736 2676 contineri,
770 2634 809 2667 et
834 2630 1090 2668 Pistoclerum
1123 2627 1314 2679 quidquid
1346 2641 1368 2664 a
1398 2627 1508 2676 Lydo
1541 2628 1648 2664 litte-

159 2710 293 2734 rarum
327 2698 508 2735 didicerit
545 2701 584 2735 et
610 2711 849 2747 quaecunque
875 2700 966 2735 vitae
994 2701 1189 2748 praecepta
1213 2696 1418 2745 acceperit,
1451 2695 1491 2731 in
1517 2696 1646 2743 ipsum
