1897 3171
800 192 842 226 V.
869 195 1056 227 737—764.
1593 201 1672 239 357

183 320 259 357 Ad.
293 322 386 358 490.
428 341 484 345 —
524 321 616 358 751.
664 319 749 359 iam
788 322 1011 358 emendavit
1041 322 1147 359 Brix.
1208 323 1316 360 Idem
1360 325 1490 366 ..illam
1523 326 1671 363 meam“

186 388 392 435 scribebat,
424 402 472 425 ne
503 402 639 426 versus
667 389 821 426 diaeresi
849 394 1012 427 careret.
1030 410 1084 414 ἢ
1103 392 1195 427 752.
1230 388 1331 429 JViSi
1358 389 1500 441 refers.
1532 395 1673 444 inquit,

185 454 297 506 quod
323 454 590 506 surripuisti,
623 457 659 495 te
691 455 746 495 acl
763 458 989 506 praetorem
1020 455 1199 506 rapiam,
1233 459 1313 495 haee
1346 474 1423 497 una
1456 463 1674 499 enuntiatio

185 528 243 561 est
287 525 583 562 interlocutoris
634 525 765 562 verbis
819 539 897 562 non
949 526 1125 572 turbata,
1179 540 1214 564 v.
1265 527 1312 564 ad
1360 529 1512 578 Amph..
1554 531 1672 568 1136.

183 591 349 642 Antiqui
381 596 626 630 enarratores
658 607 777 642 quum
807 607 1015 643 perperam
1048 595 1297 643 aposiopesin
1323 595 1359 633 h.
1379 596 1404 634 1.
1432 599 1673 646 statuissent,

184 659 384 698 Acidalius
422 663 644 710 proximum
682 675 838 699 versum
877 662 968 700 huic
1008 663 1322 711 anteponendum
1357 666 1522 711 censuit,
1571 667 1676 715 quod

185 731 223 764 et
268 730 350 776 ipse
395 729 560 766 fortasse
606 730 850 779 praeferrem,
893 732 926 767 si
958 743 1028 779 per
1060 730 1172 768 codd.
1205 731 1352 769 liceret.
1385 753 1441 756 —
1480 734 1573 770 753.
1606 731 1679 772 Ad

178 796 400 843 proetorem
436 807 603 845 νίφθνθς
650 800 690 835 in
738 799 799 835 ius
841 811 978 847 rapere
1018 802 1100 835 tam
1144 798 1328 836 Romanis
1374 814 1489 849 quam
1530 800 1674 839 Graecis

182 865 356 901 moribus
408 866 612 912 convenit,
666 866 733 903 sed
781 866 886 916 apud
940 869 1147 915 praetorem
1208 867 1425 904 Romanum
1477 882 1540 905 res
1595 870 1675 907 fere

183 933 392 980 sponsione
438 937 504 970 aut
548 934 626 970 alia
667 934 836 983 quadam
876 934 1044 971 formula
1087 934 1294 983 agebatur,
1343 935 1469 973 Graeci
1518 938 1674 986 scriptis

182 999 328 1037 libellis
359 1001 573 1038 utebantur
620 1000 734 1050 (δίκην
763 1003 915 1052 γράφειν
946 1015 975 1039 S.
1008 1001 1250 1051 γράφεσθαι).
1328 1004 1468 1053 Itaque
1509 1004 1674 1042 Romani

181 1072 311 1118 poetae
351 1069 392 1105 in
422 1068 493 1106 hac
525 1083 567 1107 re
598 1069 775 1108 Graecum
806 1083 946 1107 nomen
979 1068 1113 1108 dicam
1144 1075 1314 1119 ponunt,
1348 1085 1384 1109 v.
1420 1072 1538 1110 Poen.
1574 1075 1672 1111 803:

187 1135 306 1182 „Cras
339 1136 580 1175 subscribam
610 1139 759 1176 homini
791 1138 956 1175 dicam&
1012 1139 1098 1175 Ter.
1133 1139 1288 1176 Phorm.
1326 1141 1416 1178 127.
1453 1142 1544 1179 329.
1580 1143 1672 1179 668.

182 1203 259 1241 Cic.
294 1205 401 1243 Verr.
434 1205 484 1252 II,
521 1207 582 1254 15,
618 1208 681 1245 37.
714 1227 769 1232 —-—
808 1208 900 1244 754.
936 1203 1137 1255 Subripui
1167 1207 1185 1243 I
1216 1209 1414 1257 ceterique
1447 1208 1673 1257 deteriores,

181 1276 299 1310 recte.
334 1292 388 1298 -
419 1270 574 1312 [amabit
610 1275 702 1311 olim
740 1275 999 1313 emendatum.
1062 1275 1157 1312 Tam
1197 1280 1325 1313 certus
1359 1280 1437 1323 est,
1485 1290 1571 1313 eum
1602 1277 1674 1315 hoc

181 1342 289 1387 scire,
323 1345 384 1387 ut,
417 1342 449 1378 si
479 1344 648 1388 nesciat,
680 1343 785 1380 Iovis
825 1344 859 1380 ei
898 1357 1069 1381 amorem
1111 1347 1243 1393 optet3
1293 1344 1480 1381 solemnis
1512 1345 1671 1383 iurandi

180 1409 360 1447 formula.
394 1429 447 1434 —
480 1411 573 1449 755.
614 1411 837 1460 Lyconides
881 1412 1043 1458 „Nescio
1075 1409 1277 1461 profecto“
1321 1413 1452 1461 inquit
1500 1414 1598 1459 „nisi
1629 1416 1675 1450 tu

181 1478 276 1515 mihi
323 1476 512 1516 dixe1·is“.
565 1500 622 1504 —
674 1481 766 1517 758.
822 1477 946 1517 immo
994 1480 1164 1517 secundo
1204 1480 1289 1518 loco
1334 1482 1510 1530 positum
1556 1482 1675 1519 semel

180 1550 374 1595 praeterea
404 1548 571 1584 inveniri
602 1548 770 1594 videtur,
804 1548 914 1597 Capt.
950 1549 1050 1586 353:
1104 1548 1297 1598 „Optume
1329 1546 1488 1586 immo“.
1530 1549 1672 1598 Wagn.

180 1634 236 1638 —
268 1614 360 1652 759.
408 1624 536 1663 vneque
574 1613 657 1652 scio
691 1627 762 1653 nec
793 1614 908 1664 noni,
957 1617 1003 1653 cf.
1036 1615 1121 1653 Mil.
1157 1617 1257 1653 454:
1310 1630 1457 1666 „neque
1498 1631 1569 1654 uos
1608 1619 1674 1667 qui

181 1682 355 1719 homines
387 1683 473 1720 sitis
503 1685 595 1720 noui
627 1698 751 1733 neque
783 1683 905 1722 scio“.
938 1705 993 1709 —
1025 1694 1073 1721 ex
1099 1686 1175 1721 iam
1204 1686 1245 1721 in
1270 1685 1383 1722 codd.
1411 1685 1672 1723 emendatum.

184 1747 428 1798 abstuleras,
462 1751 508 1789 cf.
542 1752 590 1788 ad
621 1752 761 1802 Amph.
785 1754 875 1790 379.
909 1773 962 1777 —
995 1754 1088 1790 760.
1126 1749 1343 1790 ᾱίφηὶᾱῑῗαηι
1366 1753 1533 1801 partem
1563 1751 1672 1791 diui-

181 1816 285 1864 dam,
319 1833 354 1856 v.
383 1819 432 1856 ad
455 1820 595 1869 Amph.
619 1822 736 1858 1141.
767 1840 818 1846 ——-
852 1823 945 1859 761.
980 1831 1047 1858 ero
1078 1819 1197 1871 fecero
1229 1821 1260 1857 B
1293 1824 1332 1858 et
1355 1821 1400 1867 D,
1432 1822 1457 1858 i.
1478 1835 1509 1858 e.
1540 1817 1671 1869 fuero,

181 1887 286 1936 quod
310 1887 507 1934 librarius,
541 1901 659 1937 quum
697 1902 828 1926 errore
859 1887 973 1935 „ero“
1009 1890 1246 1938 scripsisset,
1279 1890 1413 1926 statim
1438 1889 1671 1939 adscripsit,

181 1954 227 1991 de
259 1956 383 1992 futuri
414 1956 542 1993 forma
573 1957 619 1994 cf.
653 1957 701 1994 ad
735 1958 826 1994 562.
889 1957 965 1994 Sed
996 1962 1163 2007 propter
1194 1957 1295 1994 hunc
1330 1971 1504 1995 errorem
1535 1972 1672 1996 versus

179 2023 334 2071 longior
371 2023 496 2061 factus
534 2037 666 2062 vocem
716 2028 932 2062 extremam
981 2025 1176 2076 perdidit,
1225 2024 1505 2075 quam-modo
1551 2027 1673 2064 fuisse

179 2093 398 2141 suspicatus
422 2105 518 2131 sum.
564 2092 794 2143 Superiores
819 2097 974 2131 retento
990 2107 1072 2132 voc.
1096 2093 1227 2142 „ero“‚
1255 2094 1422 2131 alterum
1448 2098 1670 2142 mutarunt3

180 2160 408 2197 emendator
454 2161 536 2198 cod.
579 2161 610 2198 B
650 2158 664 2198 i
702 2175 772 2210 pro
812 2160 839 2212 f
870 2164 1038 2211 scripto:
1099 2163 1139 2209 „I
1185 2175 1300 2209 uero,
1347 2161 1491 2209 refe1·“,
1540 2167 1578 2200 et
1617 2164 1672 2200 sic

178 2226 395 2266 Francken.
465 2228 483 2265 I
521 2232 559 2265 et
604 2230 783 2279 plerique
822 2230 933 2268 codd.
967 2234 1007 2267 et
1045 2230 1155 2268 edd.:
1222 2230 1438 2278 .,Molestus
1487 2245 1564 2268 non
1606 2244 1672 2268 ero

178 2295 275 2342 furi,
308 2295 450 2333 refe1·“.
511 2296 630 2335 Weis.
669 2298 884 2344 „Molestus
915 2312 994 2336 non
1025 2312 1104 2337 ero.
1151 2299 1243 2346 Fur,
1276 2300 1300 2346 i,
1333 2296 1474 2336 refer.“
1536 2298 1667 2337 Gertz,

184 2376 287 2410 „non
319 2376 388 2413 ego
418 2361 554 2401 fuero“
589 2366 771 2404 malebat.
803 2386 860 2391 —
894 2368 987 2404 763.
1019 2363 1089 2405 De
1120 2364 1204 2406 alsia
1239 2381 1325 2405 cum
1359 2367 1469 2404 hiatu
1501 2367 1671 2414 legenda

178 2431 374 2468 videntur.
393 2431 536 2469 Weis.:
568 2433 649 2479 „De
668 2434 743 2470 alia
759 2448 800 2471 re
825 2437 988 2472 rescisse
1013 2437 1154 2482 censui,
1185 2435 1289 2484 quod
1308 2435 1358 2471 ad
1378 2435 1465 2471 med
1483 2433 1667 2471 attinet“.

179 2497 256 2535 Pro
297 2496 406 2547 qaod
442 2500 637 2538 editorum
667 2502 866 2552 plerique:
918 2502 1080 2553 „quae“,
1115 2517 1201 2540 cum
1233 2502 1557 2540 antecedentibus
1589 2502 1670 2539 haeo

180 2567 397 2614 iungentes,
423 2570 535 2615 quasi
557 2567 793 2613 .,attineret⁴‘
812 2572 1001 2621 scriptum
1020 2575 1143 2617 esset;
1177 2571 1358 2620 equidem
1375 2574 1465 2619 post
1486 2567 1666 2616 „censui“

179 2634 294 2683 plene
340 2635 589 2685 interpungo,
634 2657 681 2662 —
732 2639 824 2676 764.
873 2639 1018 2677 Versus
1059 2641 1161 2676 iusto
1203 2639 1376 2685 longior,
1425 2641 1540 2686 atque
1574 2638 1669 2674 adeo

181 2704 404 2739 octonarius
449 2704 660 2751 iambicus,
714 2707 790 2743 nisi
837 2705 1009 2753 „otiose“
1053 2719 1125 2755 pro
1166 2706 1294 2743 tribus
1333 2705 1494 2754 syllabis
1542 2719 1671 2742 sumas

183 2767 248 2816 (cf.
271 2768 379 2818 179).
440 2770 560 2809 Weis.
593 2786 675 2811 voc.
715 2772 824 2820 „res“
861 2774 1075 2819 omittebat,
1110 2773 1215 2822 quod
1248 2774 1377 2810 omitti
1408 2786 1487 2810 non
1518 2777 1667 2823 potest3
