1854 3188
206 197 258 235 96
889 194 1012 229 Plauti
1312 195 1376 239 111,
1392 197 1423 237 c,
1438 197 1480 230 3¹7
1493 214 1536 220 -
1549 196 1610 239 1v,
1627 199 1655 238 1,
1670 198 1691 230 4

767 319 1134 362 Mnesilochus

498 391 603 432 Rem
633 393 804 445 repperi
836 406 1005 434 omnem
1037 407 1087 434 ex
1117 396 1193 434 tuo
1227 393 1452 446 magistr03
1484 407 1535 434 ne
1566 407 1688 447 nega.

203 461 439 503 Perdidisti
470 476 550 513 me,

782 534 1121 577 Pistoclerus

544 606 743 648 Etiamne
774 607 887 648 ultro
919 607 1006 648 tuis
1039 621 1104 648 me
1136 607 1351 660 prolectas
1384 607 1585 661 probris?
1624 619 1690 652 565

761 678 1132 720 Mnesilochus

202 747 312 797 Quia
345 762 465 790 amas
500 748 773 790 Bacchidem.

774 820 1116 863 Pistoclerus

756 893 870 934 Duas
904 907 1002 946 ergo
1035 893 1103 934 hic
1135 895 1250 934 intus
1283 907 1404 935 eccas
1439 894 1688 937 Bacchides.

760 964 1132 1005 Mnesilochus

201 1033 327 1083 Quid,
361 1034 497 1075 duas?

772 1107 1118 1149 Pistoclerus

459 1178 599 1231 Atque
632 1179 780 1220 ambas
812 1194 995 1221 sorores.

765 1252 1133 1294 Mnesilochus

985 1324 1193 1376 Loqueris
1224 1339 1336 1365 nunc
1367 1338 1503 1377 nugas
1537 1326 1686 1367 sciens.

780 1394 1119 1437 Pistoclerus

198 1461 436 1515 Postremo,
469 1465 505 1506 si
537 1466 678 1519 pergis
714 1480 893 1520 paruam
926 1468 1030 1508 mihi
1061 1467 1188 1508 fidem
1221 1468 1484 1519 arbitrarier,

199 1533 365 1575 Tollam
397 1550 474 1589 ego
505 1537 578 1578 ted
609 1538 648 1578 111
684 1538 841 1579 collum
875 1544 1005 1593 atque
1037 1541 1149 1581 intro
1182 1540 1281 1581 hinc
1313 1541 1517 1581 auferam.

757 1609 1132 1653 Mnesilochus

1255 1683 1389 1725 Immo
1422 1684 1514 1735 ibog
1550 1698 1686 1726 mane.

778 1753 1117 1795 Pistoclerus

197 1819 293 1862 Non
326 1836 491 1873 maneo,
525 1838 664 1876 neque
697 1829 741 1865 tu
776 1840 841 1867 me
875 1826 1056 1867 habebis
1089 1826 1197 1868 falso
1224 1834 1484 1881 suspectum.

758 1897 1128 1939 Mnesilochus

1409 1974 1585 2026 Sequor.
1623 1984 1690 2017 570

784 2161 1107 2203 PARASITUS.

198 2253 420 2296 Parasitus
453 2269 531 2309 ego
566 2270 660 2297 sum
692 2256 877 2297 hominis
910 2271 1095 2309 nequam
1130 2268 1258 2310 atque
1291 2259 1473 2312 inprobi.

197 2325 364 2376 Militis,
399 2328 471 2380 qui
504 2329 689 2369 amicam
723 2342 865 2369 secum
899 2330 1046 2370 auexit
1079 2344 1130 2370 ex
1162 2332 1302 2371 Samo.

198 2396 326 2438 Nunc
356 2412 423 2439 me
454 2399 515 2440 ire
548 2400 677 2440 iussit
709 2399 763 2439 ad
797 2414 889 2440 eam
923 2406 964 2441 et
998 2403 1304 2454 percontarier,

197 2469 353 2511 Utrum
384 2484 536 2512 aurum
568 2470 723 2512 reddat
755 2485 864 2512 anne
899 2479 967 2512 eat
1000 2487 1144 2514 secum
1177 2474 1316 2515 81111111.

290 2654 355 2687 565
380 2654 565 2698 proiectas
590 2654 625 2688 B
684 2655 749 2688 566
775 2654 855 2688 MN.
883 2654 977 2697 Quid
1004 2657 1130 2690 amas?
1158 2657 1217 2690 ΡΙ.
1246 2657 1449 2691 bachidem.
1477 2658 1566 2691 duas
1627 2659 1692 2692 567

199 2709 293 2743 duae
385 2711 452 2745 568
477 2722 610 2755 parum
705 2711 847 2745 Titulus
877 2722 991 2745 scenoe
1022 2712 1301 2749 PARASITUS.
1335 2713 1477 2748 PUER.
1511 2713 1691 2748 ADOLE-

199 2764 358 2800 SCENS.
384 2767 428 2810 Β,
457 2767 485 2801 C
507 2778 572 2802 om.
667 2769 731 2802 573
758 2769 830 2801 mei
855 2780 891 2801 re
908 2768 936 2802 0
1029 2771 1095 2802 574
1120 2770 1236 2804 semul
