1897 3171
253 197 334 235 41ss
892 189 1103 224 Bacchides.

252 319 446 359 tuniost“.
488 339 541 345 --
580 320 672 357 594.
720 318 898 355 Minatur
938 332 978 355 se
1018 331 1058 355 os
1100 319 1182 356 eius
1221 320 1360 368 pugnis
1398 333 1673 369 percussurum
1706 324 1745 357 et

255 390 393 427 dentes
439 401 710 434 excussurum3
764 387 899 435 itaque
951 398 1104 436 pugnos
1158 383 1509 436 dentifranyibula
1555 388 1742 438 appellat.

253 455 356 495 meis
397 452 606 502 manibus,
653 457 678 493 i.
713 468 743 493 e.
784 467 959 491 mearum
1001 467 1193 492 manuum.
1268 452 1466 503 yestz‘um,
1516 469 1565 493 sc.
1607 456 1744 493 dentes

253 529 343 563 tuos
382 524 582 572 frangere,
630 523 676 560 cf.
719 522 860 572 Amph.
896 523 989 559 319.
1031 542 1086 547 -—
1127 524 1218 560 595.
1266 519 1368 560 mihi
1404 521 1602 569 cautiost,
1651 524 1746 561 mihi

255 593 474 631 cavendum
506 594 574 629 est.
607 610 662 616 -—
696 592 788 628 596.
833 586 1172 639 'num'fhu'nyibula
1212 590 1347 628 dentes
1388 590 1484 628 dicit
1526 591 1574 628 ad
1612 593 1745 629 simili-

253 661 431 699 tudinem
463 658 899 708 dentifrangibulorum.
961 655 1160 704 excussit,
1194 659 1429 705 excusserit,
1468 662 1512 696 ut
1541 658 1741 705 „amissis“

254 730 357 766 infra
401 728 520 775 1189,
554 728 602 764 al.
640 747 686 751 —
724 727 815 764 598.
868 722 976 774 Quid
1013 723 1078 763 ais
1110 721 1184 763 tu?
1237 725 1477 763 Pistoclerus
1510 727 1607 764 nihil
1640 727 1748 764 aliud

254 797 382 834 voluit
412 809 529 845 quam
566 795 720 842 „audi⁴',
754 808 789 832 v.
816 794 863 831 ad
888 794 1029 844 Amph.
1058 795 1161 840 4143
1192 795 1390 843 parasitus
1423 795 1599 832 consulto
1634 795 1748 832 aliter

256 865 410 914 accipit,
445 864 555 913 quasi
587 863 707 899 verba
738 875 807 899 sua
837 875 977 911 parum
1006 862 1189 899 audisset.
1214 882 1269 886 —
1298 863 1390 900 599.
1424 859 1748 912 ἱηΐθραυιθηΐανῖ

255 929 455 980 eorporis,
497 934 522 969 i.
557 944 586 968 e.
621 934 783 977 scutum,
818 930 915 966 dicit
945 943 1017 978 pro
1050 931 1202 967 comite.
1264 930 1382 980 Apud
1413 930 1608 968 Roma-nos
1641 931 1745 968 latus

256 1001 422 1038 alicuius
453 1003 587 1047 tegere
622 998 836 1044 dicebatur,
870 998 936 1047 qui
969 997 1017 1034 ad
1048 998 1185 1035 laevam
1219 999 1311 1043 eius,
1345 1011 1422 1047 qua
1454 1002 1604 1036 scutum
1637 1012 1746 1048 gere-

254 1069 352 1106 bant
382 1069 534 1113 armati,
566 1066 786 1113 incedebat,
819 1079 853 1103 v.
882 1065 1009 1102 Horat
1034 1065 1113 1103 Sat.
1141 1066 1189 1103 Π.
1227 1069 1260 1113 5,
1298 1067 1359 1103 18.
1422 1066 1581 1103 Sueton.
1609 1066 1746 1104 Claud.

258 1137 323 1173 24.
363 1155 418 1160 —
460 1136 552 1172 600.
602 1135 684 1173 tam
714 1132 1038 1183 iutefflcmem‘um
1067 1130 1360 1182 improbamus&
1408 1147 1480 1171 em.
1514 1134 1628 1172 Both.
1691 1134 1748 1171 De

257 1204 394 1241 ordine
433 1202 643 1240 verborum
677 1216 712 1240 v.
747 1202 795 1238 ad
827 1201 968 1250 Amph.
1003 1203 1096 1239 721.
1158 1201 1340 1239 Gertzius
1379 1202 1527 1240 voluit:
1580 1203 1666 1248 „cui
1707 1205 1749 1238 tu

256 1273 585 1320 integumentum,
619 1270 808 1319 improbe,
843 1268 922 1316 es“,
956 1271 1121 1319 propius
1153 1283 1174 1306 a
1206 1270 1332 1317 codd.,
1375 1269 1444 1307 sed
1475 1271 1601 1306 minus
1633 1270 1748 1306 Plau-

254 1341 397 1377 tinum.
432 1358 485 1362 ——
518 1339 609 1376 601.
644 1334 862 1387 Sufflal‘us,
895 1339 953 1374 ira
984 1337 1154 1375 inflatus,
1203 1338 1287 1375 Cas.
1315 1339 1413 1375 558:
1458 1338 1621 1384 „Nescio
1654 1337 1750 1386 quid

257 1420 298 1445 se
329 1405 504 1444 sufflauit
534 1408 646 1442 uxori
678 1419 781 1443 suae.
818 1425 872 1429 —
903 1402 1148 1453 Diruptum,
1182 1406 1228 1443 cf.
1263 1405 1346 1443 Cas,
1375 1407 1466 1443 303.
1528 1405 1749 1455 Responsio

257 1476 474 1525 aptissima,
507 1487 593 1510 nam
620 1486 697 1522 quo
722 1474 845 1522 magis
870 1472 1028 1510 inflatus
1047 1477 1143 1520 erat,
1179 1486 1222 1511 eo
1240 1474 1393 1511 facilius
1409 1478 1671 1523 rumperetur.
1699 1492 1748 1498 -

259 1544 352 1580 602.
385 1539 497 1579 Num
526 1554 597 1578 em.
617 1541 662 1587 D,
696 1542 770 1577 nisi
796 1541 897 1577 forte
923 1543 979 1578 ita
1005 1543 1123 1578 etiam
1150 1542 1190 1578 in
1216 1541 1243 1579 C
1267 1542 1351 1589 fuit,
1385 1541 1451 1579 ubi
1481 1555 1550 1588 „nc
1576 1555 1594 1578 e
1620 1539 1745 1578 corr.“

253 1610 300 1648 V.
334 1610 382 1647 ad
413 1609 554 1658 Amph.
591 1610 682 1646 538.
715 1629 771 1634 —
803 1610 895 1646 603.
942 1606 1017 1656 Et,
1062 1623 1096 1647 v.
1131 1609 1180 1646 ad
1211 1610 1300 1647 Aul.
1338 1612 1428 1648 169.
1463 1629 1511 1634 -
1551 1610 1629 1647 604
1663 1622 1748 1659 sqq.

254 1678 494 1715 Pistoclerus
521 1690 661 1722 secum,
693 1681 905 1726 postquam
934 1678 1032 1714 abiit
1057 1679 1266 1727 parasitus.
1289 1697 1337 1701 —
1355 1687 1466 1716 wanno
1481 1691 1616 1714 versus
1635 1690 1750 1715 causa

255 1746 332 1783 del.
364 1746 478 1783 Both.
513 1746 557 1783 R.
590 1746 648 1783 Fl.
683 1766 736 1770 —
769 1743 933 1789 deuem't
963 1759 1035 1783 em.
1069 1744 1263 1782 Gertzius.

371 1950 463 1987 610.
499 1949 732 1987 Mnesilochi
758 1951 952 1987 canticum
977 1949 1025 1986 ad
1053 1949 1136 1987 cod.
1156 1949 1187 1986 B
1205 1948 1437 1997 exigendum
1456 1952 1526 1995 est,
1554 1951 1619 1998 qui
1647 1949 1751 1986 solus

254 2030 389 2054 versus
422 2017 638 2067 descriptos
671 2018 807 2064 habet,
841 2018 945 2055 unde
977 2019 1153 2066 quamvis
1185 2017 1426 2054 Ritschelius
1459 2030 1499 2054 se
1530 2017 1751 2066 profectum

256 2098 340 2122 esse
366 2085 483 2131 dicat,
516 2089 650 2122 tamen
681 2087 721 2122 in
751 2086 884 2123 multis
917 2086 1032 2123 rebus
1064 2086 1180 2133 longe
1213 2085 1403 2122 discessit.
1450 2085 1543 2130 Quae
1567 2085 1751 2134 quoniam

255 2166 331 2190 non
358 2153 473 2189 aliter
497 2153 628 2190 afferri
650 2157 827 2203 possunt,
861 2167 976 2203 quam
1001 2158 1046 2190 ut
1077 2157 1184 2190 totus
1215 2153 1323 2189 locus
1356 2153 1614 2199 describatur,
1647 2152 1752 2202 apud

256 2222 385 2271 ipsum
409 2221 604 2268 legantur.
652 2222 795 2270 Incipit
819 2226 949 2258 autem
977 2222 1183 2268 canticum,
1209 2225 1253 2257 ut
1275 2221 1445 2268 videtur,
1465 2234 1487 2257 a
1502 2220 1627 2257 tribus
1645 2223 1751 2257 octo-

256 2290 380 2327 nariis
404 2288 628 2335 trochaicis,
647 2301 884 2337 quamquam
910 2290 1050 2326 tertius
1075 2290 1284 2338 anapaestis
1310 2288 1504 2335 abundat3
1538 2288 1606 2325 hos
1624 2288 1752 2338 sequi-

255 2361 321 2395 tur
353 2357 601 2406 septenarius
631 2356 867 2393 trochaicus.
929 2357 1057 2394 Aliter
1089 2357 1320 2394 describunt
1344 2356 1513 2406 Spengel
1537 2369 1574 2405 p.
1606 2358 1681 2394 159
1716 2360 1753 2393 et

256 2425 416 2463 Muller.
449 2425 557 2462 Pros.
590 2437 627 2473 p.
665 2425 757 2461 352.
799 2443 851 2448 —
892 2424 1160 2462 Mnesilochus
1199 2425 1399 2461 levitatem
1438 2437 1546 2461 suam
1583 2427 1750 2469 accusat,

259 2493 366 2543 quod
396 2494 604 2542 repentina
634 2493 694 2528 ira
725 2493 940 2539 excitatus,
987 2493 1094 2529 nullo
1133 2496 1312 2541 tempore
1344 2492 1393 2529 ad
1425 2492 1753 2529 considerandum

259 2564 438 2611 sumpto,
486 2563 524 2597 et
560 2561 601 2597 in
631 2561 796 2597 amicum
827 2560 996 2597 iniustus
1028 2560 1148 2597 fuerit
1179 2564 1217 2597 et
1249 2561 1381 2597 amicae
1415 2559 1568 2609 sibique
1600 2572 1753 2596 omnem

258 2641 367 2678 spem
399 2628 605 2666 ademerit.
669 2624 906 2665 Petulantia
938 2632 976 2664 et
1003 2625 1262 2676 proternitas
1294 2629 1375 2665 eius
1409 2631 1485 2674 est,
1519 2628 1586 2676 qui
1615 2628 1752 2676 praeci-

258 2697 382 2747 pitem
415 2709 455 2733 se
486 2697 668 2746 proripit,
702 2696 748 2734 cf.
781 2695 869 2733 Ter.
902 2695 1043 2732 Heaut.
1078 2697 1178 2732 723:
1216 2695 1347 2744 „Satis
1378 2696 1445 2746 pol
1476 2698 1660 2743 proterue
1693 2707 1752 2731 me

260 2764 348 2813 Syri
377 2764 569 2815 promissa
598 2764 673 2802 huc
704 2761 986 2809 induxerunt“,
1030 2775 1116 2812 quae
1140 2762 1399 2801 Ruhnkenius
1433 2766 1540 2800 recte
1571 2766 1751 2800 enarrat:
