1854 3188
128 200 176 243 Π,
190 203 222 244 3,
237 201 402 236 99-119
771 199 985 234 Bacchides.
1564 208 1615 246 33

700 377 703 379 ¹
730 325 1019 380 Chrysalus

597 398 758 439 Tantas
790 397 967 439 diuitias
998 397 1152 440 habet:
1552 413 1617 447 330

126 470 286 521 Nescit,
318 468 421 523 quid
451 468 584 511 faciat
614 483 732 511 auro.

721 541 1017 584 Nicobulus

751 614 859 655 Mihi·
891 614 1070 666 dederit,
1102 614 1244 656 uelim.

124 685 208 728 Sed
239 686 313 740 qui
342 690 574 740 praesente
605 685 649 727 id
681 699 834 727 aurum
865 686 1094 728 Theotimo
1126 685 1350 728 datumst?

723 756 1018 812 Chrysalus

123 828 287 884 Populo
319 833 570 884 praesente3
600 829 765 872 nullust
794 830 969 884 Ephesi,
1003 831 1107 884 quin
1139 830 1260 872 sciat.

718 901 1022 944 Nicobulus

120 974 237 1016 Istuc
267 975 484 1028 sapienter
515 974 670 1016 saltem
699 973 803 1016 fecit
833 973 962 1025 filius,

121 1046 258 1097 Quom
289 1046 414 1088 diuiti
443 1046 608 1088 homini
638 1046 683 1088 id
715 1060 865 1088 aurum
900 1047 1163 1088 seruandum
1195 1046 1334 1099 dedit3
1549 1059 1614 1092 335

119 1119 184 1161 Ab
217 1133 267 1161 eo
298 1119 448 1161 licebit
478 1119 678 1172 quamuis
711 1118 856 1160 subito
890 1132 1072 1160 sumere.

720 1202 1017 1257 Chrysalus

117 1275 252 1317 Immo
282 1275 497 1329 tantisper
527 1289 764 1329 numquam
795 1279 838 1316 te
869 1274 1125 1326 morabitur,

119 1346 232 1397 Quin
261 1346 424 1389 habeas
455 1346 575 1399 illud,
609 1361 693 1402 quo
726 1347 795 1389 die
826 1347 931 1388 illuc
962 1347 1148 1388 ueneris.

718 1433 757 1475 N
766 1434 1014 1475 ioobulus

118 1505 359 1548 Censebam
389 1521 456 1548 me
488 1506 701 1560 ecfugisse
734 1520 761 1547 a
790 1507 883 1548 uita
913 1507 1161 1557 marituma,

116 1577 181 1620 Ne
211 1579 466 1632 nauigarem
495 1579 673 1621 tandem
704 1578 786 1620 hoc
816 1579 975 1620 aetatis
1009 1592 1151 1619 seneX.
1541 1590 1607 1623 340

115 1649 166 1691 Id
195 1650 300 1692 mihi
329 1650 448 1692 haud
477 1654 626 1692 utrum
655 1651 786 1692 uelim
815 1650 945 1692 licere
975 1649 1200 1704 intelleg03

115 1722 184 1765 Ita
212 1722 353 1765 bellus
384 1723 544 1777 hospes
574 1722 679 1764 fecit
709 1722 1051 1764 Archidemides.

115 1794 200 1836 Ubi
229 1808 343 1837 nunc
375 1800 441 1836 est
471 1808 573 1848 ergo
604 1809 725 1836 meus
757 1793 1047 1836 Mnesilochus
1077 1792 1222 1835 filius?

715 1881 1012 1936 Chrysalus

114 1954 228 1995 Deos
261 1958 393 2008 atque
424 1955 585 1996 amicos
615 1955 667 1996 iit
699 1954 937 1996 salutatum
969 1953 1024 1995 ad
1054 1952 1207 1995 forum.

706 2041 1014 2084 Nicobulus

115 2112 171 2154 At
201 2127 279 2168 ego
303 2113 402 2155 hinc
428 2113 544 2166 abeo,
574 2114 696 2156 illum
720 2119 769 2155 ut
794 2114 1061 2164 conueniam,
1095 2117 1305 2166 quantum
1330 2116 1486 2167 potest.
1542 2124 1606 2157 345

715 2200 1007 2254 Chrysalus

113 2272 237 2315 Illest
267 2277 474 2315 oneratus
502 2277 622 2315 recte
654 2278 697 2315 et
726 2273 824 2327 plus
855 2273 968 2314 iusto
999 2273 1133 2314 uehit.

112 2345 280 2388 Exorsa
308 2344 416 2387 haec
444 2343 535 2386 tela
563 2359 649 2387 non
679 2345 790 2386 male
823 2345 996 2387 omnino
1026 2344 1188 2396 mihist,

114 2416 173 2458 Ut
202 2421 421 2459 amantem
451 2417 600 2459 erilem
631 2431 781 2471 copem
812 2416 999 2459 facerem
1029 2415 1178 2458 fih'um.

111 2489 180 2530 Ita
209 2489 304 2540 feci,
333 2493 383 2531 ut
412 2489 508 2530 auri
537 2493 747 2542 quantum
776 2488 912 2530 uellet
942 2493 1143 2540 sumeret,

114 2559 330 2609 Quantum
361 2564 505 2602 autem
533 2560 683 2603 lubeat
712 2560 906 2612 reddere,
937 2565 987 2602 ut
1016 2560 1174 2602 reddat
1204 2560 1331 2613 patri.
1537 2570 1602 2603 350

203 2731 266 2764 331
293 2729 357 2774 qui
383 2729 412 2764 Ο
513 2731 580 2765 337
603 2729 724 2764 Immo
748 2730 831 2764 hem
858 2730 1041 2775 tantisper
1144 2730 1210 2763 338
1234 2728 1370 2762 habeas
1395 2728 1500 2763 illum
1526 2739 1598 2772 quo

111 2786 178 2820 345
200 2785 287 2820 hinc
313 2785 359 2820 ad
382 2785 485 2821 illum
579 2788 644 2821 348
670 2798 830 2831 quopem
854 2787 898 2830 B,
925 2787 1098 2830 quiopem
1126 2785 1154 2820 C

1285 2852 1328 2886 6*
