1854 3188
207 190 288 229 204
880 185 1004 220 Plauti
1478 186 1520 230 V,
1536 189 1569 231 3,
1584 188 1698 223 3-15

777 311 1119 353 Philocrates

208 383 345 434 Quam
377 383 451 425 diu
481 383 526 425 id
555 382 791 425 factumst?

793 455 1107 509 Stalagmus

852 527 933 568 Hic
965 541 1102 568 annus
1134 527 1285 580 incipit
1316 527 1604 570 uicensumus.
1630 540 1698 574 975

777 598 929 640 Philo
945 603 1127 640 crates

205 656 333 697 Falsa
364 660 589 697 memorat.

799 726 1108 780 Stalagmus

704 800 787 840 Aut
820 813 897 853 ego
930 803 1005 841 aut
1036 804 1103 851 tu3
1135 813 1235 840 nam
1266 800 1346 841 tibi
1379 799 1698 853 quadrimulum

207 872 322 913 Tuus
354 875 479 926 pater
509 871 771 925 peculiarem
803 871 1033 925 paruolum
1064 885 1197 925 puero
1231 871 1362 913 dedit.

785 942 1127 985 Philocrates

208 1015 320 1065 Quid
354 1019 446 1057 erat
478 1015 517 1057 ei
547 1015 733 1057 nomen?
782 1013 826 1056 Si
857 1029 963 1056 uera
995 1014 1113 1057 dicis,
1146 1015 1442 1056 memoradum
1473 1015 1588 1057 mihi.

802 1085 1112 1140 Stalagmus

206 1159 440 1209 Paegnium
471 1159 730 1209 uocitatust3
762 1163 859 1212 post
890 1173 969 1200 uos
1001 1158 1219 1200 indidistis
1251 1158 1462 1212 Tyndaro.

774 1230 1127 1273 Philocrates

207 1301 293 1344 Cur
325 1316 402 1355 ego
434 1307 476 1344 te
508 1316 593 1344 non
624 1303 754 1343 noui?

801 1373 1110 1428 Stalagmus

753 1445 863 1496 Quia
895 1461 986 1488 mos
1019 1452 1083 1488 est
1115 1446 1315 1488 obliuisci
1344 1445 1590 1488 hominibus
1633 1458 1701 1492 980

206 1518 355 1571 Neque
388 1519 576 1567 nouisse,
611 1519 765 1572 quoius
797 1518 922 1560 nihili
954 1519 1011 1559 sit
1041 1518 1246 1559 faciunda
1276 1518 1429 1571 gratia.

788 1590 1130 1632 Philocrates

207 1663 285 1703 Dic
318 1662 435 1713 mihi,
467 1662 558 1704 isne
590 1663 688 1704 istic
720 1661 816 1714 fuit,
849 1676 977 1717 quem
1007 1661 1241 1703 uendidisti
1272 1675 1366 1703 meo
1398 1662 1527 1715 patri,

210 1733 290 1783 Qui
322 1734 426 1775 mihi
458 1734 691 1789 peculiaris
725 1734 852 1776 datus
886 1734 980 1775 est?

804 1806 858 1848 St
869 1820 891 1847 α
905 1806 918 1847 l
931 1819 952 1847 α
965 1820 1041 1859 [sm
1053 1819 1109 1847 113

1027 1877 1163 1919 Huius
1195 1876 1319 1918 filius.

872 1949 1040 2003 Hegio

208 2007 384 2048 [iuitne
415 2008 451 2048 is
480 2005 636 2049 homo?

802 2078 1107 2132 Stalagmus

714 2151 954 2204 Argentum
984 2151 1142 2204 accepi.
1175 2149 1283 2191 nihil
1316 2150 1467 2191 curaui
1499 2154 1701 2191 ceterum.

210 2278 319 2328 Quid
353 2284 399 2319 tu
431 2278 528 2320 ais?
866 2223 1035 2276 Heglo

776 2350 1130 2392 Philocrates

567 2420 677 2471 Quin
708 2423 805 2463 istic
836 2423 977 2476 ipsust-
1008 2423 1069 2477 Τ)
1072 2422 1235 2463 ndarus
1267 2428 1366 2463 tuus
1399 2421 1524 2473 filius,
1635 2433 1701 2467 985

209 2494 265 2535 [t
299 2466 473 2547 quidem
501 2492 569 2535 hic
601 2501 856 2547 argumenta
887 2495 1101 2547 loquitur3
1133 2507 1233 2535 nam
1255 2494 1291 2535 is
1316 2507 1484 2535 mecum
1511 2508 1536 2535 a
1567 2508 1701 2548 puero

1158 2579 1266 2619 puer

209 2638 324 2679 Bene
357 2637 597 2691 pudiceque
630 2636 860 2678 educatust
891 2651 1024 2689 usque
1056 2637 1111 2677 ad
1143 2637 1496 2678 adulescentiam.

299 2766 364 2798 979
389 2764 564 2799 Pecnium
590 2765 773 2799 uocitatus
801 2768 857 2798 est.
949 2765 1013 2798 981
1040 2763 1132 2797 nihil
1185 2764 1250 2797 983
1278 2763 1412 2799 STAL.
1440 2773 1503 2797 om.
