1897 3171
280 174 360 213 530
941 170 1121 205 Curculio.

395 302 429 337 1.
462 299 716 337 Phaedromus
743 300 968 337 adolescens
993 301 1226 349 intempesta
1252 303 1364 337 nocte
1391 300 1438 337 ad
1465 303 1602 337 amatae
1627 301 1767 349 puellae

278 368 435 405 domum
485 368 651 415 accedit,
704 372 788 404 tum
836 369 934 405 enim
982 368 1238 405 conveniendi
1284 368 1521 404 occasionem
1565 368 1769 418 praebebat

277 436 437 473 morbus
483 435 635 473 lenonis
680 439 798 472 noctu
844 437 884 473 in
929 436 1152 485 AEsculapii
1198 436 1287 472 fano
1332 435 1568 472 incubantis.
1642 435 1768 472 Pallio

276 504 475 542 involutus
517 516 750 553 cereumque
789 507 947 552 gestans
982 502 1033 550 (V.
1069 499 1110 552 9)
1149 503 1370 551 ingreditur
1401 504 1612 540 comitante
1642 516 1769 552 puero

278 572 328 611 (v,
348 568 418 620 75)
451 572 633 619 lagenam
664 573 745 608 vini
775 575 968 621 portante,
1004 584 1081 620 qua
1107 585 1222 608 anum
1247 572 1373 608 ianuae
1401 571 1601 608 custodem
1625 571 1765 620 placet.

276 640 353 678 Sed
392 641 569 689 sequitur
608 641 726 677 etiam
757 640 968 676 Palinurus
1008 652 1142 676 servus
1185 642 1300 676 aetate
1339 640 1566 689 provectior
1603 639 1768 676 honesta

276 709 407 746 omnia
438 721 614 745 monens.
647 727 701 732 -
739 705 813 745 Ῐιθί·
842 705 976 745 nocti-5·
1008 707 1098 744 olim
1133 707 1394 753 emendatum,
1429 720 1465 745 v.
1497 707 1638 757 Amph.
1676 708 1766 745 154.

274 797 330 801 ——
371 778 407 814 2.
455 772 557 815 Cam
596 774 700 814 istoc
732 776 879 814 ornata
912 785 1081 824 cumque
1111 771 1186 812 leae
1215 785 1390 824 pompa,
1435 775 1481 813 cf.
1515 775 1653 813 Bacch.
1690 778 1767 813 108

276 849 314 882 et
347 846 423 882 112
458 859 541 882 cum
575 848 707 881 annot.
740 864 794 869 —-
827 845 862 881 3.
896 854 971 893 que
1004 844 1094 880 olim
1127 846 1232 880 recte
1265 843 1447 880 additum
1480 847 1539 880 est
1566 857 1611 880 ex
1638 843 1766 881 Nonio

273 927 312 964 p.
345 915 439 950 421.
499 913 544 949 In
576 913 606 949 B
640 914 756 949 etiam
790 913 958 949 alterum
999 921 1074 961 (lece
1110 925 1226 948 manu
1266 912 1438 948 secunda
1470 911 1624 948 demum
1656 911 1767 948 addi-

273 985 355 1019 tum
387 985 457 1019 est.
488 1001 534 1005 —
563 982 598 1017 4.
632 976 679 1017 Si
697 1010 704 1016 .
725 1011 731 1017 .
754 978 879 1026 ..eine
912 994 946 1017 v.
976 980 1023 1016 ad
1048 979 1189 1029 Amph.
1214 980 1331 1017 1065.
1382 979 1486 1016 Men.
1508 981 1600 1016 781.
1647 979 1767 1018 Mcrc.

276 1052 368 1088 307.
415 1049 557 1086 Pseud.
588 1050 689 1086 1071
721 1062 778 1097 sq.
839 1048 927 1085 Ter.
951 1048 1072 1084 Andr.
1102 1049 1193 1084 216.
1257 1048 1312 1085 Cf.
1346 1047 1503 1085 Muller.
1538 1049 1638 1085 Ann.
1670 1048 1766 1097 phil.

273 1118 497 1163 LXXXIII,
539 1131 576 1166 p.
612 1118 690 1154 260
723 1130 780 1165 sq.
811 1136 868 1140 —-
911 1119 945 1153 5.
984 1115 1111 1152 Affert
1142 1115 1315 1153 Macrob.
1350 1115 1429 1153 Sat.
1463 1116 1500 1163 Ι,
1538 1117 1585 1152 16
1624 1117 1767 1161 „inter-

274 1184 413 1224 eessitf‘
451 1185 632 1222 scribens.
665 1205 720 1208 —
750 1184 887 1222 Staius
920 1181 1132 1221 condictus
1164 1195 1256 1221 cum
1288 1181 1415 1221 hoste.
1478 1183 1632 1220 Cincius
1664 1183 1767 1233 apud

274 1254 372 1292 Gell.
405 1253 508 1300 XVI,
538 1255 573 1299 4,
601 1254 624 1289 4
652 1253 841 1289 militibus
873 1253 928 1289 ait
960 1252 1166 1289 iurandum
1200 1265 1281 1289 esse
1314 1256 1358 1289 ut
1391 1252 1585 1297 adessent,
1620 1251 1767 1288 additis

272 1328 403 1360 tamen
436 1322 732 1371 exceptionibus
772 1320 1018 1370 quibusdam,
1060 1324 1163 1358 inter
1206 1334 1290 1369 quae
1327 1324 1475 1367 „status
1513 1320 1769 1357 condictusue

272 1391 354 1427 dies
386 1404 473 1427 cum
506 1388 658 1427 hoste“.
720 1388 796 1426 Cic.
825 1389 897 1426 Off.
924 1389 954 1435 I,
992 1390 1053 1435 12,
1090 1390 1138 1426 37
1174 1402 1219 1425 ex
1252 1388 1327 1425 XII
1360 1388 1481 1425 Tabb.
1519 1392 1611 1435 „aut
1643 1391 1768 1425 status

272 1459 353 1496 dies
386 1472 471 1496 cum
502 1455 654 1504 hoste“,
687 1457 839 1494 hostem
870 1458 1120 1507 peregrinum
1155 1470 1237 1494 esse
1270 1457 1425 1494 docens.
1482 1455 1587 1493 Fest.
1607 1469 1646 1506 p.
1667 1457 1766 1493 314:

278 1527 436 1574 „Status
469 1526 549 1563 dies
591 1523 693 1573 [cum
725 1523 854 1572 hoste]
896 1528 1078 1572 vocatur,
1120 1527 1186 1575 qui
1218 1525 1353 1562 iudicii
1385 1537 1502 1562 causa
1535 1527 1592 1561 est
1624 1525 1768 1561 consti-

274 1599 385 1633 tutus
425 1608 510 1632 cum
551 1592 806 1644 peregrino“.
875 1589 1117 1632 Comlictzcm
1158 1594 1266 1631 Festi
1298 1594 1406 1644 Epit.
1441 1607 1479 1643 p.
1516 1594 1565 1630 39
1599 1592 1769 1641 explicat

278 1663 406 1713 ..quod
438 1664 476 1699 in
509 1675 711 1700 commune
745 1665 803 1699 est
834 1660 1023 1699 dictum“.
1085 1662 1141 1699 Cf.
1170 1662 1302 1700 senec.
1328 1662 1472 1710 Tranq.
1493 1662 1610 1697 anim.
1634 1662 1694 1707 11,
1723 1662 1765 1698 6:

278 1731 377 1779 „Qui
417 1734 581 1768 mortem
612 1730 787 1775 timebit,
835 1730 931 1767 nihil
971 1743 1154 1779 umquam
1193 1744 1265 1780 pro
1297 1730 1451 1767 homine
1483 1731 1596 1767 vivus
1627 1728 1768 1774 faciet;

274 1804 314 1837 at
345 1801 412 1849 qui
443 1801 539 1836 sciet
571 1799 643 1835 hoc
669 1799 756 1843 sibi,
791 1812 907 1847 quum
937 1800 1222 1848 conciperetur,
1256 1799 1387 1835 statim
1416 1797 1639 1835 condictum
1665 1795 1763 1833 etc.“

274 1868 363 1905 Tac.
396 1867 526 1905 Germ.
565 1869 632 1904 11:
685 1868 762 1912 „sic
803 1868 1069 1914 constituunt,
1116 1868 1169 1904 sic
1201 1865 1451 1903 condicunt“.
1486 1866 1535 1903 al.
1605 1866 1769 1902 Amator

274 1935 428 1985 lepidus
459 1939 639 1984 tempore
671 1948 754 1972 cum
789 1939 921 1972 amata
951 1935 1083 1985 puella
1127 1936 1358 1980 constituto,
1402 1935 1578 1983 quamvis
1617 1935 1767 1981 gravis-

274 2004 369 2041 sima
402 2004 531 2040 adsint
563 2003 864 2053 impedimenta,
912 2007 1044 2040 tamen
1077 2004 1245 2041 eundum
1278 2016 1360 2040 esse
1393 2003 1500 2039 dicit.
1533 2021 1588 2026 ——
1622 2003 1656 2038 6.
1689 1998 1765 2038 im-

264 2072 392 2120 perat
422 2071 534 2109 codd.
566 2076 608 2109 ut
644 2073 684 2118 3,
726 2075 765 2108 et
795 2071 989 2121 producta
1020 2071 1169 2121 syllaba
1201 2072 1295 2108 ferri
1325 2074 1477 2121 potest,
1517 2083 1553 2107 v,
1587 2069 1766 2118 Prolegg.

273 2154 310 2190 p.
348 2141 438 2177 196.
506 2140 671 2189 Antiqui
712 2139 799 2176 edd.
835 2140 1095 2189 „impe1·ant“,
1137 2154 1187 2177 sc.
1222 2139 1352 2176 Venus
1391 2143 1430 2175 et
1468 2139 1600 2175 Amor.
1633 2157 1688 2162 ——
1731 2139 1766 2175 7.

279 2205 480 2255 ‚‚†cmdem,
509 2205 684 2253 tandem,
714 2222 765 2245 sc.
792 2208 923 2245 desine
949 2206 1163 2246 insanire“.
1191 2208 1326 2245 Lamb.
1350 2227 1405 2232 ——
1431 2208 1467 2244 8.
1493 2202 1767 2251 memorabile,

275 2277 380 2326 quod
417 2277 630 2314 memorari
668 2276 730 2312 vel
769 2278 1064 2313 commemorari
1110 2276 1244 2323 debet3
1291 2276 1338 2313 cf.
1381 2276 1468 2313 Ter.
1511 2274 1633 2312 Andr.
1669 2274 1767 2310 625:

279 2344 452 2392 „Hocine
483 2344 672 2381 credibile
704 2347 770 2380 aut
803 2342 1109 2381 memorabile‘?“
1159 2344 1218 2382 Pl.
1251 2344 1362 2394 Capt.
1399 2345 1461 2381 56.
1501 2363 1556 2367 -
1599 2342 1634 2380 9.
1668 2338 1770 2378 Tute

277 2410 347 2451 {ibe
369 2422 477 2460 puer
502 2423 556 2459 es,
583 2412 700 2449 herus
726 2412 858 2448 servili
877 2425 996 2460 opera
1020 2413 1206 2462 fungeris,
1237 2413 1283 2450 cf.
1302 2413 1422 2450 Mcrc.
1443 2413 1542 2450 840:
1581 2410 1770 2460 „Egomet

273 2481 369 2518 mihi
401 2494 528 2518 comes
560 2478 658 2517 etc.“
722 2479 833 2530 Ipse,
873 2481 1023 2529 inquit,
1068 2481 1244 2529 quamvis
1283 2481 1415 2518 lautus
1448 2484 1487 2516 et
1518 2480 1681 2516 vestitus
1713 2478 1769 2514 ni-

273 2548 355 2585 tide
394 2549 465 2595 sis,
515 2562 666 2586 cereum
707 2552 856 2598 portas,
938 2543 1130 2595 Cereum,
1174 2549 1219 2586 cf.
1254 2548 1330 2586 Cic.
1365 2547 1436 2586 Off.
1469 2548 1545 2594 III,
1589 2548 1660 2592 20,
1702 2546 1767 2582 80.

274 2617 448 2654 Martial.
476 2616 580 2654 XIV.
601 2618 665 2654 42.
715 2616 866 2654 Obiecti
898 2616 1023 2652 locum
1057 2619 1183 2662 tenet,
1216 2617 1263 2654 cf.
1297 2616 1424 2654 Casin.
1463 2617 1560 2652 118:
1598 2612 1768 2662 „lucebis

275 2697 399 2721 nouae
430 2688 579 2734 nuptae
610 2682 775 2722 facem“.
846 2684 953 2721 Pers.
990 2685 1089 2721 515:
1137 2683 1340 2729 „Fortuna
1380 2684 1544 2721 faculam
1584 2680 1771 2718 lucrifera

274 2752 456 2789 adlucere
488 2751 614 2789 uolt“.
646 2772 701 2777 -
737 2754 799 2790 10.
841 2761 963 2801 opera
995 2752 1230 2801 conyeSffum
1264 2752 1375 2789 codd.
1409 2755 1445 2788 et
1477 2749 1664 2787 Priscian.
1697 2748 1769 2794 III.
