1897 3171
249 198 329 236 514
915 193 1070 234 captiui.

249 343 302 348 -—
335 324 427 360 868.
462 319 599 369 celoce,
632 325 734 369 navi,
768 323 816 360 cf.
850 324 959 360 Asin.
996 326 1087 361 256.
1122 343 1172 348 -
1215 324 1308 360 869.
1341 322 1454 359 tuum
1485 316 1746 369 Staluymum-

248 400 432 438 seruom,
479 404 514 428 v.
548 391 596 426 ad
628 391 773 441 Amph.
810 393 928 429 1093.
969 412 1023 416 —
1070 393 1162 429 871.
1210 387 1279 428 Ita
1318 399 1381 426 me
1412 385 1566 426 amabit
1595 388 1743 426 sancta

249 455 471 505 Saturitas,
504 459 550 496 cf.
579 459 735 495 Trucul.
765 461 865 496 275:
912 459 995 506 „Ita
1025 473 1085 495 me
1117 458 1263 496 amabit
1293 454 1528 494 sarculum“.
1559 476 1615 481 —
1647 456 1738 492 872.

247 537 322 564 suo
341 524 593 576 coyommme,
622 531 667 564 ut
684 531 792 564 satur
810 528 1002 577 appellari
1020 528 1178 577 possim.
1200 546 1247 551 —-
1270 527 1362 564 873.
1383 521 1526 563 Meum
1541 523 1740 573 quatu-m?

248 595 307 631 Fl.
355 594 604 640 „Meumne“.
648 615 704 619 —
756 591 956 640 Genium,
1005 595 1050 632 cf.
1092 595 1198 631 Men.
1236 595 1336 632 138:
1388 593 1539 636 „Teneo
1580 592 1745 629 dextera

249 664 404 712 genium
450 661 620 700 meum“.
667 683 722 688 —-
769 665 862 701 874.
915 659 1134 700 Alidem-Sis
1171 662 1245 699 hoc
1282 675 1360 699 uno
1392 661 1500 706 loco,
1548 660 1747 697 Elidensis

250 731 366 767 etiam
400 731 503 779 apud
536 730 706 768 Gellium
738 732 894 779 legitur.
926 751 981 756 ——
1021 732 1113 768 874.
1157 731 1222 766 Μὰ
1252 731 1311 766 τὸν
1343 730 1512 771 Ἀπόλλω,
1545 728 1591 765 cf.
1623 728 1744 765 Most.

250 800 329 835 957
365 803 403 835 et
434 801 593 836 omnino
626 799 673 836 de
705 799 850 836 Graecis
881 799 1132 836 asseverandi
1163 798 1341 835 formulis
1373 797 1422 834 ad
1452 796 1593 833 Bacch.
1624 798 1743 833 1161.

247 887 302 892 --
336 868 429 904 875.
463 868 519 912 M,
551 869 613 903 τὰν
642 869 783 916 Κόραν.
847 867 981 904 Cobet.
1011 867 1109 904 Nov.
1142 867 1250 903 lectt.
1284 880 1322 915 p.
1356 866 1435 902 652
1468 865 1526 900 ναὶ
1555 864 1743 914 postulat.

248 956 302 960 —
336 937 429 973 876.
461 930 555 972 Iam
589 932 662 973 diu
693 939 917 986 corruptum
951 939 1022 971 est.
1093 935 1221 971 Multa
1257 934 1405 971 frustra
1435 936 1641 969 tentarunt
1671 933 1746 967 viri

251 1004 379 1049 docti,
411 1003 506 1040 mihi
538 1005 578 1040 in
611 1007 782 1040 mentem
814 1004 941 1040 venit:
991 1003 1095 1045 ..Iam
1128 1003 1210 1039 dies
1245 1033 1252 1039 .
1279 1033 1286 1039 .
1315 1033 1322 1039 .
1356 998 1520 1038 uenit‘?“
1570 1000 1638 1037 sed
1671 1013 1747 1037 non

249 1071 408 1108 videtur
446 1071 573 1119 Hegio
613 1073 732 1108 talem
774 1085 881 1122 spem
928 1071 1129 1117 habuisse,
1177 1071 1261 1107 fore
1306 1073 1351 1107 ut
1394 1082 1577 1118 umquam
1623 1068 1746 1105 filium

250 1139 479 1189 subreptum
512 1144 779 1190 recuperaret.
856 1140 1022 1189 Antiqui
1065 1139 1223 1188 quidam
1264 1138 1455 1175 editores:
1501 1137 1601 1182 „Ain
1632 1134 1746 1182 tu‘?“,

250 1207 408 1244 Brixius
440 1208 500 1245 ed.
532 1209 614 1245 3tia
639 1208 847 1245 Bucheleri
879 1208 1193 1245 emendationem
1225 1206 1275 1243 ad
1306 1206 1464 1243 Petron.
1497 1219 1534 1255 p.
1571 1204 1660 1250 186,
1699 1205 1748 1241 14

250 1277 420 1325 recepit:
459 1276 592 1321 „Tuan
611 1273 761 1321 fide‘?“‚
796 1276 899 1325 quod
924 1278 956 1312 si
980 1277 1144 1325 propius
1168 1289 1190 1311 a
1206 1275 1318 1311 codd.
1339 1274 1502 1319 abesset,
1535 1286 1613 1310 non
1638 1273 1749 1309 dubi-

251 1348 376 1381 tarem
408 1345 595 1394 recipere.
627 1364 684 1368 -—
715 1345 773 1389 Νὴ
804 1346 867 1380 τὰν
898 1345 1122 1392 Πραινέστην
1154 1347 1227 1380 etc.
1283 1342 1499 1392 Postquam
1531 1354 1601 1391 per
1630 1341 1753 1390 Apol-

251 1412 371 1450 linem
405 1415 445 1449 et
476 1412 757 1462 Proserpinam
791 1413 953 1457 iuravit,
1003 1413 1094 1460 quia
1133 1407 1240 1450 Cora
1271 1412 1388 1447 etiam
1422 1409 1527 1446 Latii
1559 1409 1749 1459 oppidum

253 1484 323 1526 est,
356 1480 447 1517 inde
479 1484 638 1530 arrepta
672 1481 875 1518 occasione
907 1479 1072 1517 ridicule
1103 1492 1174 1530 per
1205 1479 1301 1515 alias
1334 1478 1439 1515 Latii
1479 1477 1596 1515 urbes
1634 1478 1750 1523 iurat,

175 1593 179 1597 .
253 1549 464 1594 Praeneste,
490 1547 676 1595 Signiam,
703 1549 976 1594 Frusinonem,
1003 1548 1211 1584 Alatrium.
1260 1547 1401 1584 Omnes
1426 1549 1557 1583 autem
1573 1546 1751 1583 feminini

252 1617 405 1666 generis
429 1616 535 1663 facit,
563 1619 742 1665 quamvis
759 1616 928 1653 Frusino
954 1616 1159 1653 masculini
1184 1628 1267 1652 esse
1295 1615 1450 1660 debeat,
1484 1615 1686 1651 Praeneste
1712 1617 1751 1650 et

253 1685 449 1721 Alatrium
474 1686 674 1730 neutrius3
707 1685 754 1722 cf.
774 1684 892 1732 Verg.
910 1684 999 1721 AEn.
1019 1683 1123 1729 VIII,
1146 1685 1243 1721 561:
1284 1683 1503 1729 „Praeneste
1528 1683 1598 1719 sub
1623 1680 1748 1732 ipsa“.

257 1772 305 1777 —-
342 1748 494 1791 Ueuit‘?
528 1753 576 1789 cf.
603 1751 724 1789 Stich.
753 1753 845 1789 374.
907 1752 995 1789 Ter.
1028 1752 1168 1789 Heaut.
1202 1752 1296 1788 431.
1322 1771 1376 1776 —-
1404 1750 1497 1788 871.
1539 1746 1645 1789 Uide
1675 1748 1750 1798 Sis,

254 1835 302 1858 ne
336 1823 542 1866 erraveris,
578 1820 624 1858 cf.
661 1822 752 1858 637.
786 1840 841 1845 —-
873 1821 965 1857 878.
1002 1817 1251 1865 barbarica-5¹,
1284 1820 1454 1864 Italicas,
1489 1819 1536 1856 cf.
1571 1820 1664 1856 491.
1698 1839 1754 1843 —

260 1886 365 1938 Quia
397 1886 522 1935 euim,
572 1902 606 1925 ν.
640 1887 687 1924 ad
720 1888 862 1938 Amph.
898 1890 990 1925 659.
1032 1908 1088 1913 —-
1134 1898 1282 1936 aspera
1322 1888 1509 1924 dicuntur
1548 1887 1616 1923 illa
1648 1887 1751 1924 Latii

256 1956 422 2007 oppida,
470 1958 563 2005 quia
602 1959 643 1993 in
681 1957 847 2006 rupibus
890 1961 929 1993 et
971 1957 1167 1993 montanis
1198 1956 1296 1993 locis
1328 1957 1401 1992 sita
1434 1959 1536 1992 sunt.
1570 1975 1624 1979 —-
1657 1956 1749 1992 879.

258 2021 513 2070 autumabas,
546 2038 581 2060 v.
620 2025 710 2062 188.
742 2044 798 2049 —
838 2020 921 2063 Due
953 2022 1077 2063 aetati
1110 2025 1201 2062 tuae
1233 2027 1342 2061 extat
1373 2024 1487 2060 etiam
1516 2023 1636 2060 Stich.
1658 2024 1749 2060 594.

256 2092 576 2129 Inter-iectionem
605 2106 691 2129 cum
714 2094 894 2142 proximo
920 2106 1002 2130 voc.
1031 2093 1251 2130 coalescere
1274 2105 1353 2129 non
1378 2093 1576 2141 patientes
1600 2091 1751 2128 Ritsch.

257 2161 339 2197 illic
363 2160 478 2209 longe
504 2160 611 2196 aliud
637 2160 853 2206 substituit,
887 2160 946 2197 Fl.
972 2160 1009 2198 h.
1028 2160 1053 2198 l.
1084 2160 1192 2208 „Uae
1216 2160 1321 2197 uitae
1352 2158 1484 2206 tuae“,
1519 2159 1624 2209 quod
1649 2159 1752 2196 idem

259 2227 468 2276 significat.
536 2227 592 2264 Cf.
626 2228 744 2265 Poen.
779 2229 880 2265 786:
933 2228 1039 2274 „Uae
1079 2232 1236 2265 nostrae
1279 2225 1441 2265 aetati“.
1512 2228 1616 2265 Men.
1651 2228 1752 2264 662:

263 2296 364 2343 ⁴,sibi
395 2297 574 2333 inimicus
605 2297 726 2345 magis
759 2309 874 2345 quam
908 2298 1027 2333 aetati
1067 2294 1201 2334 tuae“.
1271 2297 1377 2333 Male
1408 2300 1539 2333 autem
1570 2284 1755 2344 precatur

259 2366 314 2410 ei,
356 2366 424 2413 qui
462 2364 667 2401 scurrilem
705 2367 744 2400 et
775 2365 950 2413 ineptum
983 2367 1110 2401 iocum
1143 2365 1378 2414 protulerit,
1425 2364 1473 2401 cf.
1506 2376 1627 2413 supra
1659 2364 1752 2400 862.

259 2432 374 2483 Epid.
410 2433 474 2470 24.
510 2433 573 2469 67.
605 2452 662 2456 —
695 2433 787 2469 880.
833 2430 1002 2480 Quippe.
1054 2432 1174 2478 Sane,
1208 2434 1358 2482 inquit,
1392 2445 1483 2477 uae,
1516 2432 1541 2468 i.
1575 2444 1606 2468 e.
1639 2431 1752 2477 male,

261 2501 355 2537 mihi
388 2501 475 2546 erit,
510 2501 695 2549 quoniam
726 2499 819 2536 mihi
852 2513 928 2536 non
961 2498 1087 2536 credis
1119 2513 1189 2537 nec
1221 2513 1354 2537 cenam
1386 2500 1518 2549 parari
1549 2499 1671 2536 iubes.
1699 2517 1756 2523 —-

259 2565 423 2614 sedul03
457 2569 611 2617 antiqui
647 2569 754 2613 „sine
787 2566 903 2604 dolo“
938 2568 1325 2616 interpretabantur,
1358 2572 1402 2605 ut
1434 2567 1585 2604 Nonius
1616 2581 1654 2616 p.
1689 2568 1753 2613 37,

262 2636 441 2674 Donatus
465 2636 514 2672 ad
538 2635 626 2672 Ter.
645 2635 720 2672 Ad.
741 2637 777 2681 3,
806 2637 841 2682 3,
869 2637 940 2678 59;
972 2636 1158 2681 ridicule3
1191 2636 1368 2673 Donatus
1393 2640 1526 2672 tamen
1551 2648 1629 2672 non
1653 2635 1754 2672 male

262 2705 481 2740 enarravit:
505 2703 762 2749 „instante1'“.
795 2703 999 2751 Significat
1015 2705 1117 2740 enim
1137 2707 1328 2749 accurate,
1343 2704 1566 2753 diligenter,
1578 2705 1761 2752 impensa

261 2784 400 2820 opera,
440 2772 487 2808 cf.
521 2771 607 2808 Ter.
640 2771 794 2808 Phorm.
828 2773 928 2808 453:
982 2771 1088 2820 „Ego
1119 2771 1255 2808 sedulo
1286 2772 1388 2807 hunc
1421 2771 1564 2808 dixisse
1596 2769 1756 2808 cred0“.
