1897 3171
830 187 870 220 V.
901 189 1086 222 152—192.
1620 193 1694 230 541

209 318 397 363 arguunt.
466 313 592 352 Guiet.
625 318 665 352 et
701 314 761 353 Fl.
795 325 863 353 ero
895 319 1122 354 omiserunt.
1193 313 1388 355 Prohibet
1424 318 1588 356 Pistoris
1627 331 1699 368 pro

211 384 527 431 interrogatione
566 384 690 433 capit3
737 397 851 433 quem
892 397 976 421 cum
1015 384 1072 421 Fl.
1116 388 1270 422 secutus
1310 398 1413 433 sum,
1462 399 1700 435 quamquam

211 454 304 500 post
334 451 687 500 interrogationem
723 449 892 498 ‚,Immo“
924 452 1115 489 desidero.
1171 453 1251 489 Iam
1277 454 1538 502 praetulerim:
1577 454 1700 500 „Quia

211 523 250 556 te
288 519 473 568 prohibet
513 532 620 565 erus,
669 519 766 556 clam
808 532 873 556 ero
912 522 1056 570 potior.
1118 521 1193 557 PL.
1242 520 1344 566 Quin
1382 535 1452 558 nec
1493 522 1699 570 prohibere

213 585 340 637 quit“.
359 606 414 612 —
445 588 536 624 175.
567 586 776 624 Palinurus
802 588 887 625 heri
914 601 1082 625 amorem
1113 589 1366 638 impatienter
1396 590 1485 626 fert.
1535 587 1698 636 durare,

210 655 353 705 Amph.
388 656 483 692 875.
543 655 783 692 Mediocrem
816 669 985 694 amorem
1017 656 1179 705 probat,
1223 659 1253 693 si
1287 658 1372 706 quis
1396 654 1635 705 pauxillum
1667 670 1696 694 s.

209 724 371 773 paulum
411 726 534 770 amat,
583 727 620 760 et-
660 733 777 770 Scme,
824 725 848 761 i.
882 738 913 761 e.
954 728 997 761 ut
1036 726 1120 761 sani
1157 724 1334 761 homines
1365 724 1536 772 faciunt,
1580 738 1614 761 v.
1650 725 1699 761 ad

209 792 352 842 Amph.
387 792 468 829 444
509 805 593 828 cum
633 791 836 829 addendis.
876 812 932 817 —-
980 794 1070 830 177.
1118 792 1262 839 totum,
1310 794 1334 829 i.
1368 806 1397 828 e.
1430 797 1514 829 toto
1554 795 1696 839 animo,

207 858 407 898 ‘insanum
439 873 524 897 cum
557 869 696 897 amare
735 861 913 909 iungitur
944 860 1077 896 eodem
1110 861 1225 897 modo
1258 873 1334 910 quo
1367 874 1489 909 nuper
1524 861 1699 911 „pauxil-

209 926 330 965 lum“.
378 928 530 965 Nonius
561 942 598 978 p.
631 929 728 965 127:
767 929 974 976 „Insanum
1004 941 1076 977 pro
1107 931 1254 966 insane.
1302 929 1488 965 Plautus:
1521 930 1698 965 insanum

207 995 326 1033 ualde
363 1000 528 1045 uterque
570 994 764 1034 deamat“.
840 997 1004 1033 Versum
1043 1010 1127 1033 cum
1168 997 1277 1033 hiatu
1315 998 1355 1033 in
1397 997 1565 1043 diaeresi,
1608 1002 1698 1046 post

209 1074 359 1111 amare,
401 1064 611 1111 legendum
645 1078 727 1102 esse
762 1065 876 1102 credo
916 1078 1000 1102 cum
1033 1065 1200 1102 Luchsio
1238 1066 1277 1102 in
1317 1065 1491 1102 Studem.
1525 1064 1636 1103 stud.
1669 1066 1698 1112 I,

206 1146 245 1182 p.
281 1133 344 1170 60.
407 1132 586 1169 Ceterum
619 1132 690 1170 hos
721 1137 801 1170 tres
833 1146 968 1170 versus
999 1133 1207 1170 Palinurus
1239 1147 1366 1170 secum
1400 1133 1513 1179 dicit,
1555 1137 1597 1169 ut
1630 1146 1699 1170 nec

210 1214 231 1237 a
278 1203 420 1238 ceteris
466 1200 680 1237 audiantur
725 1214 795 1237 nec
842 1202 1056 1238 amantium
1108 1202 1345 1250 colloquium
1398 1202 1696 1250 interrumpam.

206 1268 265 1306 Fi.
301 1282 366 1306 eos
397 1269 528 1305 versui
563 1270 640 1306 180
672 1272 909 1319 postposuit,
942 1271 1008 1306 vix
1039 1271 1137 1307 iure.
1169 1290 1225 1294 —
1260 1271 1350 1306 179.
1392 1271 1495 1306 Ante
1527 1266 1700 1306 honores

205 1337 354 1384 hiatus,
389 1337 435 1375 cf.
460 1336 613 1386 Proleg.
649 1351 687 1387 p.
716 1338 809 1374 224.
872 1338 1029 1375 Mulier.
1064 1338 1226 1375 Prosod.
1252 1353 1290 1388 p.
1320 1339 1399 1375 704
1432 1338 1545 1385 legit:
1594 1337 1698 1383 „Sibi

205 1405 375 1443 honores
399 1403 513 1442 sibi“.
541 1425 596 1430 —
624 1407 713 1443 180.
749 1402 985 1443 abstineant
1009 1403 1207 1453 inuidere,
1242 1407 1289 1443 cf.
1325 1405 1482 1443 Sueton.
1515 1406 1601 1442 Tib.
1630 1407 1693 1443 23:

209 1473 391 1523 „quando
407 1474 464 1510 ita
479 1474 637 1522 praefari
656 1486 733 1510 non
753 1471 1031 1512 abstinuerit&
1050 1494 1106 1498 —
1133 1476 1223 1511 181.
1250 1474 1331 1511 Iam
1357 1487 1473 1510 niorae
1492 1475 1698 1522 impatiens

203 1542 343 1579 herum
360 1546 491 1579 monet
506 1543 693 1579 maiorem
714 1543 841 1579 noctis
865 1547 1018 1592 partem
1046 1547 1215 1579 exactam
1245 1555 1338 1579 esse.
1359 1562 1412 1566 —
1434 1543 1522 1580 182.
1549 1539 1633 1588 hoc,
1660 1555 1696 1579 v.

205 1610 255 1647 ad
272 1611 415 1660 Amph.
437 1610 528 1648 539.
577 1607 662 1648 luce
690 1607 846 1656 lucebi&
880 1612 1066 1661 repetitio
1094 1615 1222 1658 auget.
1251 1631 1306 1635 --
1332 1611 1422 1648 185.
1455 1610 1497 1648 tu
1528 1610 1558 1647 B
1589 1611 1698 1659 prius

207 1681 406 1726 omiserat,
424 1682 564 1729 postea
582 1679 747 1716 addidit.
765 1699 821 1704 ——-
847 1676 1009 1717 inscitia
1027 1681 1108 1716 eius
1128 1682 1196 1725 est,
1230 1680 1297 1727 qui
1315 1679 1408 1715 facit
1432 1679 1535 1727 quod
1559 1692 1698 1727 parum

206 1748 422 1794 conveniat,
456 1747 503 1784 cf.
532 1748 581 1784 ad
608 1747 748 1784 Bacch.
786 1748 904 1785 1074.
929 1767 983 1773 ·—
1011 1748 1101 1785 186.
1134 1743 1327 1784 Irascar&
1350 1746 1408 1784 Fl.
1439 1760 1509 1783 em.
1540 1747 1699 1783 iubente

206 1815 429 1865 hypothesi.
454 1835 510 1840 —
543 1811 678 1861 Ilicet,
713 1821 839 1852 actum
876 1820 946 1862 est,
979 1830 1014 1853 v.
1039 1815 1180 1864 Amph.
1210 1816 1301 1852 334.
1327 1835 1382 1839 -—
1416 1816 1507 1852 189.
1540 1811 1698 1860 Εΐιίαφη,

206 1885 254 1922 cf.
288 1885 354 1922 41.
416 1881 717 1932 dispffl‘ffimim'3
766 1885 931 1921 creticus
978 1897 1113 1921 vocem
1158 1884 1373 1920 terminans
1414 1895 1486 1932 pro
1525 1882 1699 1920 trochaeo

205 1955 301 2003 poni
338 1954 405 1990 vix
443 1956 589 2002 potest.
660 1952 815 1989 Muller.
854 1953 1079 2001 proposuit:
1133 1950 1467 1999 ‚‚disiungi1nini“.
1529 1951 1699 1987 Facilius

207 2021 247 2058 in
277 2022 468 2070 proximis
501 2021 661 2058 verbum
694 2021 981 2057 substantivum
1009 2024 1076 2057 aut-
1100 2021 1299 2057 omittitur
1323 2023 1389 2056 aut
1413 2020 1697 2068 transponitur,

208 2089 315 2138 quod
346 2091 433 2127 feci.
494 2089 641 2126 Eadem
673 2090 870 2126 sententia
901 2088 997 2125 Cist.
1027 2090 1123 2126 191:
1162 2088 1239 2133 ..Ut
1268 2092 1360 2125 sunt
1389 2088 1569 2134 humana,
1601 2087 1701 2123 nihil

208 2160 267 2193 est
291 2162 528 2207 perpetuum
553 2154 727 2195 datum“.
753 2177 807 2182 --
836 2158 926 2194 190.
960 2156 1021 2194 est
1052 2160 1160 2192 extat
1189 2157 1229 2192 in
1255 2158 1393 2193 ceteris
1420 2156 1532 2193 codd.
1562 2153 1700 2193 Odium

209 2226 324 2263 homo
356 2226 528 2263 odiosus.
565 2222 834 2274 propudium,
869 2225 916 2262 cf.
948 2225 1086 2262 Bacch.
1123 2226 1214 2262 577.
1247 2245 1304 2248 -
1339 2223 1428 2261 191.
1460 2224 1535 2260 Pro
1569 2220 1700 2261 oculis

207 2293 239 2330 B
271 2293 318 2331 ab
350 2295 464 2331 initio
510 2291 715 2340 „osculis“‚
756 2293 824 2330 sed
856 2306 872 2330 s
915 2306 1066 2330 erasum
1106 2297 1174 2330 est.
1251 2292 1478 2330 Convicium
1517 2304 1699 2340 regerere

209 2361 370 2399 studens
403 2362 537 2400 oculos
578 2363 681 2408 eius,
725 2374 820 2411 quos
859 2362 973 2398 facile
1014 2361 1248 2398 crediderim
1286 2372 1445 2409 magnos
1485 2363 1523 2396 et
1561 2371 1699 2406 graves

208 2429 349 2476 fuisse,
397 2443 483 2467 cum
520 2433 674 2467 noctuae
714 2430 836 2466 oculis
868 2434 1090 2479 comparat-3
1138 2429 1242 2478 quod
1274 2441 1350 2477 quo
1382 2428 1497 2464 modo
1529 2427 1578 2464 ad
1609 2440 1699 2464 noc-

208 2501 370 2535 turnum
395 2501 607 2535 amantium
635 2498 886 2546 colloquium,
919 2502 963 2535 ut
987 2498 1114 2535 voluit
1136 2496 1313 2533 Merolin.
1333 2495 1416 2532 Ind.
1435 2495 1555 2544 Dorp.
1574 2509 1612 2544 p.
1635 2497 1696 2541 12,

208 2566 350 2603 referri
380 2568 519 2616 possit,
552 2579 628 2602 non
658 2566 851 2614 intelligo.
885 2586 938 2590 —-
974 2567 1064 2603 192.
1088 2561 1255 2612 persole
1287 2567 1345 2600 est
1374 2565 1414 2599 in
1445 2563 1494 2609 B,
1521 2559 1701 2611 persoloe

208 2635 250 2671 in
281 2634 367 2672 cod.
399 2634 521 2680 Brit.;
553 2634 641 2671 edd.
678 2632 914 2683 „persolla“,
949 2634 1095 2682 duplici
1126 2633 1151 2679 l,
1194 2635 1254 2668 est
1285 2632 1385 2668 enim
1417 2630 1699 2667 deminutivum

210 2715 232 2739 a
255 2715 422 2751 persona
445 2701 616 2749 ductum,
650 2706 694 2740 ut
716 2706 822 2740 recte
846 2702 1039 2751 glossarii,
1070 2714 1106 2737 v.
1132 2700 1283 2745 Loewe,
1309 2699 1514 2736 Prodrom.
1539 2712 1577 2747 p.
1598 2700 1698 2745 261;

210 2784 300 2807 nam
331 2770 522 2808 Salmasio
552 2783 665 2807 nemo
696 2771 812 2808 facile
844 2770 976 2807 credet
1010 2768 1209 2817 „persolas
1233 2765 1381 2816 nugas“
1416 2767 1529 2812 solas⁷
1561 2766 1697 2812 nudas,
