1854 3188
149 186 218 231 III,
234 188 265 230 3,
283 187 413 220 12-35
790 187 1004 222 Bacchides.
1586 194 1636 232 87

723 311 1056 354 Philoxenus

149 383 385 438 Paulisper,
418 383 545 438 Lyde,
578 387 645 426 est
674 383 821 425 lubido
853 383 1013 425 homini
1044 399 1121 427 suo
1154 386 1295 427 animo
1328 386 1532 441 obsequi,

149 455 239 496 Iam
270 455 411 497 aderit
448 459 630 510 tempus,
671 469 801 509 quom
840 469 934 497 sese
967 457 1098 498 etiam
1137 457 1231 511 ipse
1264 458 1415 500 oderit.
1476 459 1637 501 Morem

1097 541 1241 581 geras3

149 599 263 640 Dum
294 603 513 651 caueatur,
545 603 719 654 praeter
750 613 934 653 aequom
965 613 1017 640 ne
1042 599 1148 652 quid
1173 600 1411 653 delinquat,
1444 603 1546 645 sinc.
1573 616 1639 648 415

805 686 982 740 Lydus

147 758 243 800 Non
276 758 369 800 sino
400 773 540 811 neque
573 758 775 812 equidem
807 772 873 799 me
904 759 1006 800 uiuo
1038 759 1160 800 illum
1193 761 1418 813 conrumpi
1451 761 1599 803 sinam.

150 829 234 872 Sed
265 834 326 882 tu,
358 831 432 884 qui
462 845 540 885 pro
572 834 662 872 tam
694 834 903 884 conrupto
937 831 1042 872 dicis
1075 845 1251 873 causam
1282 832 1384 884 filio,

147 902 368 944 Eademne
394 907 488 944 erat
513 903 620 944 haec
649 902 878 957 disciplina
901 903 994 954 tibi,
1027 917 1157 957 quom
1174 906 1222 944 tu
1241 904 1495 946 adulescens
1514 920 1608 948 eras
1618 908 1637 947 ἶ)

146 973 267 1028 Nego
298 975 380 1016 tibi
410 974 491 1016 hoc
522 975 644 1017 annis
676 974 832 1027 uiginti
861 974 992 1016 fuisse
1023 975 1174 1029 primis
1207 977 1369 1030 copiae,

147 1046 340 1100 Digitum
370 1046 496 1100 longe
528 1061 554 1088 a
584 1047 835 1101 paedagogo
865 1047 1021 1101 pedem
1052 1051 1101 1088 ut
1132 1047 1318 1090 ecferres
1350 1049 1545 1091 aedibus.
1572 1062 1639 1095 420

145 1118 256 1160 Ante
288 1118 421 1161 solem
453 1119 719 1161 exorientem
750 1119 832 1161 nisi
862 1119 906 1160 in
936 1119 1202 1174 palaestram
1232 1134 1429 1173 ueneras,
1671 1111 1673 1113 ¹

148 1190 354 1244 Gymnasi
385 1191 606 1245 praefecto
636 1205 798 1245 poenas
829 1190 948 1232 haud
978 1191 1209 1234 mediocris
1242 1193 1467 1247 penderes.

146 1262 195 1304 Id
222 1263 324 1316 quoi
347 1264 575 1318 optigerat,
606 1263 688 1305 hoc
713 1263 843 1304 etiam
867 1263 923 1304 ad
947 1263 1108 1305 malum
1131 1265 1435 1307 arcessebatur
1458 1267 1637 1309 malum:

144 1335 202 1377 Et
232 1335 472 1390 discipulus
505 1339 548 1378 et
577 1336 785 1390 magister
814 1335 1157 1389 perhibebantur
1188 1337 1373 1391 inprobi.

144 1406 210 1447 Ibi
242 1421 381 1459 cursu,
412 1407 635 1459 luctando,
667 1408 804 1460 hasta,
837 1407 967 1460 disco,
1000 1409 1213 1462 pugilatu,
1246 1409 1347 1463 pila,
1573 1423 1639 1456 425

145 1478 353 1522 Saliundo
386 1493 482 1521 sese
515 1480 775 1522 exercebant
804 1481 940 1534 magis
972 1494 1104 1534 quam
1136 1485 1279 1522 scorto
1311 1486 1389 1523 aut
1420 1484 1565 1525 sauiis.

146 1549 231 1603 [Ibi
262 1565 385 1593 suam
415 1555 606 1594 aetatem
639 1552 944 1605 extendebant,
977 1567 1063 1594 non
1092 1553 1136 1594 in
1167 1553 1397 1595 latebrosis
1429 1555 1568 1608 locis]

144 1622 250 1664 Inde
282 1623 334 1665 de
365 1623 653 1678 hippodromo
687 1628 730 1665 et
760 1625 987 1678 palaestra
1016 1624 1090 1666 ubi
1121 1626 1362 1667 reuenisses
1395 1626 1582 1679 domum,

144 1693 385 1736 Cincticulo
411 1696 686 1749 praecinctus
703 1697 746 1737 in
765 1696 873 1738 sella
890 1697 1006 1751 apud
1023 1697 1277 1750 magistrum
1295 1697 1531 1741 adsideres.

143 1766 282 1816 Quom
311 1767 472 1809 librum
501 1767 679 1822 legeres,
713 1768 748 1810 si
779 1783 911 1810 unam
942 1769 1214 1823 peccauisses
1246 1769 1469 1823 syllabam,
1572 1783 1639 1817 430

142 1837 289 1880 Fieret
320 1839 486 1881 corium
517 1844 609 1882 tam
639 1841 919 1892 maculosum,
953 1845 1126 1894 quamst
1156 1842 1340 1883 nutricis
1371 1842 1566 1896 pallium.

707 1939 1077 1981 Mnesilochus

140 2009 325 2064 Propter
355 2024 424 2052 me
455 2010 562 2052 haec
592 2025 706 2052 nunc
737 2024 832 2053 meo
867 2011 1006 2053 sodali
1038 2011 1122 2053 dici
1154 2012 1396 2055 discrucior
1428 2014 1580 2067 miser,

141 2081 354 2124 Innocens
386 2082 680 2136 suspicionem
710 2083 822 2124 hanc
855 2083 1040 2125 sustinet
1073 2097 1206 2126 causa
1238 2098 1347 2126 mea.

721 2170 1051 2212 Philoxenus

138 2239 236 2293 Alii,
270 2241 399 2295 Lyde,
430 2256 544 2284 nunc
577 2246 678 2284 sunt
709 2256 864 2284 mores.

801 2329 974 2383 Lydus

853 2401 904 2443 Id
935 2402 1136 2456 equidem
1168 2417 1246 2457 ego
1279 2406 1397 2444 certo
1430 2403 1529 2444 scio.

139 2470 249 2513 Nam
281 2471 384 2513 olim
413 2473 563 2527 populi
595 2474 715 2527 prius
746 2473 955 2516 honorem
987 2474 1191 2528 capiebat
1223 2474 1442 2527 suffragio,
1566 2486 1633 2519 435

139 2542 276 2593 Quam
306 2544 514 2597 magistro
547 2545 775 2587 desinebat
807 2560 901 2588 esse
934 2546 1049 2588 dicto
1081 2546 1308 2598 obediens3

227 2712 294 2746 422
318 2712 418 2746 haud
441 2713 639 2748 mediocris
666 2726 802 2759 poenas
903 2717 970 2750 423
997 2728 1068 2760 quo
1098 2715 1126 2750 C
1214 2715 1471 2750 accersebatur
1563 2717 1629 2749 425

138 2770 217 2802 asta
308 2770 376 2804 430
400 2771 632 2813 peccauisset
726 2773 792 2807 435
817 2773 1013 2818 capiebant
