1845 3171
173 186 252 225 582
812 178 996 215 Curculio.

172 317 207 349 et
240 310 369 358 „alas“
400 311 575 348 dixisset.
635 311 677 347 tu
701 309 849 357 addidi,
875 309 980 359 quod
1004 311 1224 347 necessario
1247 310 1415 358 requirit
1438 310 1659 359 proximum

171 377 344 428 EsJonc‘?
390 376 550 427 ,‚dabis“
586 379 699 416 facile
731 379 901 417 auditur.
933 399 989 404 ——
1018 389 1093 426 me,
1124 391 1202 415 non
1239 373 1376 424 „med“
1410 377 1659 415 scribendum

173 462 256 485 esse
297 461 432 485 versus
470 447 659 485 ostendit.
699 467 754 472 -—
795 449 886 485 663.
942 443 1097 485 Uerum
1141 442 1273 483 hercle
1318 442 1421 483 dico.
1490 445 1520 481 B
1558 445 1661 482 hunc

172 531 325 554 versum
357 516 583 554 Curculioni
615 516 837 563 continuat,
883 516 900 552 Ι
932 516 1131 564 ceterique
1163 514 1279 551 militi
1319 513 1436 561 dant,
1470 514 1575 563 quod
1606 517 1663 551 ita

171 589 279 623 tenet
309 585 521 631 Acidalius‚
554 587 607 622 ut'
633 581 778 632 „diciff‘
814 585 987 631 corrigat
1019 587 1058 621 et
1090 593 1232 620 uerum
1260 580 1462 632 „aequum“
1492 585 1660 629 enarrat,

171 654 277 703 quod
308 653 392 691 fieri
432 654 497 690 vix
535 655 684 703 potest,
732 666 969 703 quamquam
1009 654 1159 700 recepit
1191 651 1249 689 Fl.
1282 650 1405 688 Immo
1438 651 1663 688 Curculioni

172 723 375 771 aptissima
412 726 472 759 est
509 721 700 758 eiusmodi
740 722 992 759 asseveratio.
1063 721 1247 758 Proxima
1284 733 1379 757 vero
1418 720 1450 756 si
1489 719 1662 756 eiusdem

171 790 415 827 Curculionis
440 793 541 837 sunt,
567 791 784 827 necessario
809 790 1058 827 scribendum
1085 792 1161 826 est:
1199 802 1284 837 „me
1303 788 1466 825 iubente
1482 786 1661 834 fecerit“‚

170 860 193 896 i.
215 874 245 896 c.
279 860 407 896 faciet.
454 858 529 896 Sed
560 859 621 895 his
652 859 707 896 ita
738 858 969 906 adiungitur
998 859 1199 907 proximus
1230 869 1379 904 versus,
1411 858 1456 893 ut
1487 855 1662 893 eiusdem

170 941 347 976 personae
379 941 461 964 esse
493 927 695 973 videatur3
742 928 877 976 itaque
917 927 963 963 ab
994 926 1054 964 his
1085 926 1224 963 militis
1256 925 1377 963 verba
1418 938 1531 963 orsus
1562 937 1659 961 sum.

169 996 421 1045 vaipicudae
453 999 585 1033 autem
618 999 733 1033 erant
764 995 981 1033 Camerarii
1012 996 1246 1033 coniecturae
1279 991 1353 1032 Me
1393 991 1574 1042 lubente,
1614 993 1660 1030 cf.

170 1065 288 1102 Stich.
322 1066 425 1102 474:
479 1063 681 1111 „Lubente
713 1078 774 1100 me
806 1064 936 1101 hercle
967 1061 1127 1110 facies“,
1161 1066 1201 1100 ct
1232 1058 1326 1101 Sed.
1358 1082 1413 1088 --
1446 1064 1538 1101 665.
1578 1059 1665 1101 illic

170 1133 242 1180 Fi„
276 1147 346 1170 nec
376 1133 507 1170 hiatus
538 1136 629 1182 post
665 1131 811 1179 ,Ωιιίειιι
847 1133 1072 1170 verisimilis
1104 1136 1175 1169 est.
1259 1131 1399 1169 Militis
1430 1131 1550 1169 verba
1581 1145 1663 1169 esse

170 1203 263 1238 oiim
296 1202 540 1239 intellectum
572 1204 641 1238 cst.
675 1222 729 1226 —
767 1199 1029 1251 repromisit,
1072 1214 1192 1250 quum
1234 1213 1304 1250 ego
1343 1202 1549 1250 pecuniam
1590 1215 1662 1251 pro

170 1270 301 1319 puella
332 1271 615 1320 promitterem.
652 1289 706 1294 ——<
741 1272 834 1307 667.
865 1268 1036 1308 reddere
1066 1270 1251 1315 Gronov„
1285 1269 1332 1307 cf.
1359 1269 1407 1306 ad
1431 1270 1539 1307 Asin.
1568 1270 1661 1307 439.

169 1352 290 1389 supra
331 1341 423 1377 597.
484 1339 615 1376 Aulul.
653 1339 742 1377 108.
804 1339 943 1377 Bacch.
978 1340 1070 1376 065.
1103 1359 1159 1363 —
1201 1339 1293 1375 668.
1344 1334 1469 1376 Nunc
1508 1348 1660 1377 eamus.

169 1408 261 1445 Haec
293 1408 391 1446 dett.
418 1407 529 1445 codd.
559 1411 597 1444 et
629 1407 717 1444 edd.
743 1408 895 1456 priores
919 1407 1153 1444 Phaedromo
1186 1406 1296 1453 dant,
1331 1407 1436 1456 quod
1469 1406 1555 1443 fieri
1586 1420 1662 1443 non

165 1479 323 1526 potest3
378 1475 437 1513 Fl.
479 1476 703 1513 Curculioni
750 1475 880 1523 dedit,
936 1490 1006 1513 nos
1051 1489 1137 1512 cum
1179 1475 1208 1512 B
1255 1475 1374 1512 militi
1419 1476 1662 1513 continuavi-

170 1558 264 1591 mus,
298 1545 521 1581 Curculioni
554 1548 684 1581 autem
716 1541 863 1583 Laudo
896 1544 1083 1588 dedimus,
1118 1543 1221 1594 quod
1255 1543 1366 1581 codd.
1401 1547 1440 1581 et
1471 1543 1558 1581 edd.
1591 1545 1662 1581 mi-

168 1614 242 1650 liti.
275 1633 330 1637 —
363 1614 455 1650 (371.
491 1608 600 1659 Fial,
635 1614 682 1650 cf.
716 1615 782 1651 41.
843 1614 986 1663 Amph.
1021 1615 1113 1651 763.
1170 1613 1280 1650 Asin.
1315 1614 1379 1661 40,
1442 1613 1532 1651 Aul.
1567 1614 1659 1651 234.

169 1681 305 1718 Bacch.
352 1682 469 1718 1190.
539 1682 649 1731 Capti.
692 1683 785 1720 213.
856 1683 972 1719 Most.
1020 1684 1136 1720 1022.
1207 1681 1306 1719 Rud.
1351 1684 1470 1720 1337.
1512 1682 1561 1720 al.
1611 1701 1659 1707 —

170 1752 261 1787 (573.
310 1750 384 1787 Pro
417 1754 604 1799 corrupto
638 1760 764 1788 unum
794 1751 934 1801 scripsi
970 1762 1070 1798 una,
1108 1753 1153 1788 ut
1183 1751 1405 1800 parasitus,
1449 1752 1515 1800 qui
1547 1754 1663 1788 antea

167 1818 297 1855 dotem
331 1820 586 1868 promiserat,
620 1819 681 1855 hic
713 1821 935 1868 sponsionis
967 1823 1164 1857 auctorem
1196 1833 1236 1857 se
1267 1820 1400 1857 faciat.
1461 1819 1662 1857 Acidalius

168 1887 275 1924 aliud
300 1889 487 1937 scriptum
507 1887 627 1924 fuisse
651 1889 820 1936 putavit,
848 1893 888 1924 et
905 1888 1136 1926 l‘haedromo
1160 1889 1242 1925 haec
1266 1889 1446 1926 tribuens
1472 1889 1659 1926 coniecit:

172 1955 247 2003 „Et
278 1967 349 2003 ego
383 1956 471 1993 huic
504 1955 633 1993 cibum
664 1969 742 1992 una
767 1954 990 2006 spondeo“;
1025 1956 1127 1994 unde
1145 1957 1328 1995 Bothius:
1365 1957 1442 2005 „Et
1465 1969 1536 2005 ego
1560 1957 1662 1994 hunc

168 2025 367 2061 alumnum
399 2022 623 2073 spondco“;
656 2024 736 2062 Fl.:
774 2025 878 2072 „PlL
912 2025 965 2061 Et
996 2036 1066 2072 ego
1098 2039 1120 2062 a
1150 2038 1213 2062 me
1245 2025 1336 2063 huic
1365 2028 1514 2064 uictum
1546 2039 1661 2075 spon·

167 2093 253 2131 deo.
301 2092 414 2131 CUR.
442 2092 592 2142 Lepide
616 2091 752 2130 facis“.
799 2093 964 2130 Muller:
1003 2092 1077 2139 „Et
1102 2106 1172 2142 ego
1203 2093 1293 2131 huic
1324 2095 1482 2144 quidem
1513 2096 1661 2132 uictum

167 2161 384 2211 spondeo“.
440 2161 500 2208 ΕΙ.
532 2165 726 2211 praeterea
756 2166 847 2211 post
876 2162 979 2200 hunc
1009 2175 1165 2199 versum
1196 2162 1311 2212 plura
1341 2163 1533 2201 excidisse
1557 2163 1661 2201 arbi-

166 2233 293 2267 tratus
327 2233 405 2277 est3
452 2243 530 2267 nou
569 2229 698 2267 credo.
730 2250 785 2255 —-
833 2231 924 2268 074.
972 2241 1107 2268 eccum
1145 2227 1348 2279 Zenonem,
1392 2229 1565 2279 incedit,
1613 2232 1660 2270 cf.

167 2299 308 2349 Amph.
329 2301 429 2337 998:
459 2311 617 2346 „eccum
633 2298 977 2348 Amphitruonem,
996 2298 1196 2338 aduenit“.
1244 2300 1329 2337 Mil.
1351 2301 1476 2338 1282:
1508 2314 1660 2347 „eccum

166 2367 491 2415 Palaestrionem,
525 2365 643 2406 stat“.
697 2367 751 2405 ib.
788 2369 912 2406 1207:
951 2381 1105 2415 „eccam
1135 2369 1274 2418 ipsam,
1307 2368 1549 2417 egreditur“.
1611 2369 1659 2406 H.

166 2438 191 2474 l.
211 2450 335 2474 novus
361 2437 606 2474 accusativus
633 2433 900 2474 thensaurum
925 2447 1056 2474 meum
1080 2451 1150 2486 per
1173 2438 1462 2487 appositionem
1488 2437 1659 2475 additur.

283 2507 375 2543 (575.
418 2505 605 2542 Extrema
635 2505 778 2543 fabulae
811 2519 925 2543 scena
957 2507 1195 2556 septenariis
1226 2506 1454 2554 trochaicis,
1500 2509 1546 2544 ut
1575 2506 1661 2544 fieri

166 2575 277 2620 solet,
311 2574 529 2624 composita
560 2577 632 2612 est.
693 2574 739 2612 In
775 2574 1001 2612 nominibus
1041 2575 1322 2626 suprascriptis
1360 2588 1408 2612 ne
1447 2575 1535 2625 quis
1566 2574 1659 2612 Cur-

167 2643 332 2680 culionis
364 2656 504 2686 nomen
537 2642 756 2690 desideret,
803 2643 836 2680 is
874 2643 1024 2680 nullum
1063 2643 1232 2693 amplius
1273 2642 1434 2681 verbum
1464 2643 1576 2690 facit,
1619 2647 1659 2679 et

167 2712 414 2761 apertissimo
467 2724 602 2749 errore
656 2713 691 2748 ei
744 2711 864 2748 codd.
924 2725 960 2749 v.
1002 2713 1166 2749 707—9
1221 2712 1409 2749 nonnuna
1463 2711 1656 2749 tribuunt.

167 2780 275 2817 Leno
313 2781 436 2817 intrat
474 2780 606 2826 laetus,
647 2780 752 2829 quod
794 2779 924 2817 decem
964 2781 1109 2827 minas,
1151 2794 1245 2829 quas
1285 2782 1320 2817 ei
1353 2779 1523 2817 debebat
1554 2780 1658 2829 Lyco
