1897 3171
250 187 273 226 2
281 187 330 226 52
927 184 1050 218 Plauti
1504 184 1565 228 IV⁷
1579 185 1610 223 4,
1625 185 1738 219 5-13

849 308 1140 364 Cappadox

248 380 623 435 Therapontigone
655 380 943 435 Platagidore,
977 381 1108 423 salue.
1170 380 1322 423 Saluos
1354 395 1484 435 quom
1515 381 1695 423 aduenis

248 453 298 494 In
327 452 615 508 Epidaurum,
654 452 723 494 hic
762 452 891 495 hodie
930 453 1048 507 apud
1088 466 1154 494 me
1185 473 1240 481 —
1269 466 1505 507 numquam
1545 452 1738 506 delinges

1201 524 1348 566 salem.

738 595 1250 649 Therapontigonus

246 668 362 710 Bene
392 681 546 719 uocas;
577 681 730 710 uerum
760 669 964 710 inuocata
993 681 1064 709 res
1097 671 1171 718 est,
1202 671 1252 709 ut
1282 667 1392 710 male
1425 668 1481 710 sit
1510 667 1604 710 tibi.

250 739 337 782 Sed
368 739 472 793 quid
503 739 594 792 agit
625 753 766 780 meum
798 740 1122 781 mercimonium
1154 739 1270 793 apud
1301 739 1376 781 te?

843 810 1139 865 Cappadox

1084 882 1203 924 Nihil
1236 882 1350 936 apud
1381 897 1448 925 me
1480 883 1656 937 quidem
1686 907 1741 912 —

246 955 311 998 Ne
341 955 479 998 facias
509 955 636 997 testis
666 978 722 983 —-—-
752 968 890 1007 neque
922 953 1122 1008 equidem
1154 953 1289 996 debeo
1320 954 1569 1009 quidquam.

737 1026 1254 1080 Therapontigonus

1395 1097 1509 1148 Quid
1540 1099 1633 1141 est?
1673 1110 1739 1144 565

849 1169 1139 1224 Cappadox

249 1242 375 1293 Quod
405 1242 468 1284 fui
497 1243 683 1293 iuratus,
714 1241 812 1284 feci.

736 1313 1249 1367 Therapontigonus

879 1384 1049 1427 Reddin
1079 1398 1134 1426 an
1164 1399 1252 1427 non
1283 1384 1511 1439 uirginem,

247 1459 371 1501 Prius
403 1472 533 1513 quam
564 1461 607 1500 te
638 1456 738 1499 huic
770 1471 890 1499 meae
922 1456 1177 1499 machaerae
1211 1456 1364 1508 obicio,
1396 1457 1626 1511 mastigia?

849 1528 1139 1583 Cappadox

248 1602 468 1657 Uapulare
502 1615 580 1656 ego
612 1606 655 1643 te
687 1600 969 1643 uehementer
997 1599 1147 1651 iubeo3
1178 1613 1230 1641 ne
1263 1614 1329 1642 me
1361 1600 1550 1643 territes.

247 1674 327 1715 Illa
359 1674 615 1725 abductast3
648 1678 696 1714 tu
728 1672 925 1715 auferere
956 1672 1055 1713 hinc
1088 1686 1113 1713 a
1146 1686 1224 1723 me,
1257 1673 1293 1713 si
1324 1685 1478 1726 perges
1510 1672 1616 1714 mihi

247 1745 362 1788 Male
393 1746 524 1799 loqui,
555 1744 760 1800 profecto,
794 1745 896 1798 quoi
930 1758 1007 1798 ego
1040 1745 1124 1786 nisi
1155 1743 1315 1785 malum
1346 1744 1455 1785 nihil
1486 1743 1636 1791 debeo.
1677 1756 1743 1789 570

733 1816 1251 1870 Therapontigonus

250 1889 386 1932 Mihin
418 1889 580 1931 malum
611 1888 842 1930 minitare?

850 1958 1140 2013 Cappadox

746 2032 887 2084 Atque
921 2030 1076 2084 edepol
1107 2045 1192 2072 non
1224 2030 1471 2082 minitabor,
1504 2030 1583 2073 sed
1614 2029 1741 2082 dabo,

249 2105 293 2147 Si
324 2118 476 2159 perges
507 2104 714 2146 molestus
748 2114 856 2145 esse.

736 2174 1251 2228 Therapontigonus

907 2245 1024 2287 Leno
1059 2246 1285 2287 minitatur
1315 2245 1420 2287 mihi

246 2321 456 2374 Meaeque
487 2332 655 2373 pugnae
686 2317 926 2372 proeliares
956 2317 1184 2372 plurumae
1217 2318 1406 2371 optritae
1438 2317 1613 2359 iacent?

246 2393 303 2434 At
333 2393 394 2434 ita
424 2405 492 2433 me
522 2389 754 2432 machaera
786 2393 829 2431 et
862 2389 1026 2443 clipeus
1062 2392 1098 2430 et
1129 2390 1253 2430 Zom'ca
1287 2393 1327 2431 et
1357 2389 1520 2431 cassida

336 2599 401 2633 563
427 2600 561 2632 uocata
666 2596 730 2630 568
755 2596 889 2630 iubebo
989 2597 1054 2630 570
1077 2596 1184 2630 Malae
1212 2596 1333 2640 eloqui
1433 2598 1499 2630 571
1526 2595 1623 2630 dabo
1647 2595 1739 2630 mihi

246 2656 311 2690 573
335 2655 441 2689 Maeae
468 2664 602 2698 pugnae
668 2653 788 2687 lacent

248 2713 314 2746 574
339 2722 389 2756 sq.
415 2713 464 2745 At
488 2710 541 2745 ita
566 2721 624 2744 me
650 2709 837 2744 machaera
862 2714 897 2743 et
924 2709 1064 2753 clipeus
1090 2709 1182 2743 bene
1209 2710 1338 2745 iuuent
1363 2711 1589 2754 pugnantem

416 2768 459 2802 In
485 2767 562 2802 acie
586 2767 658 2801 nisi
683 2765 773 2800 mihi
799 2766 905 2809 uirgo
931 2765 1100 2800 redditur
