1854 3188
302 208 354 246 52
974 197 1099 238 Plauti
1504 203 1565 245 IV,
1582 205 1634 247 10,
1650 203 1783 238 52—68

892 329 1192 383 Lyconides

302 401 410 442 Eam
441 406 489 442 tu
521 400 800 455 despondisti‚
833 402 995 454 opinor,
1027 415 1121 442 meo
1153 399 1377 442 auonculo.

563 465 565 468 ¹
948 472 1133 513 Euclio

1200 541 1379 584 Omnem
1408 557 1499 584 rem
1528 547 1660 584 tenes.
1716 553 1785 587 775

891 615 1191 668 Lyconides

300 691 341 732 Is
372 704 439 731 me
470 703 583 731 nunc
613 688 862 730 renuntiare
892 687 1120 740 repudium
1150 687 1277 728 iussit
1306 686 1399 728 tibi.

948 758 1141 800 Euclio

301 833 556 887 Repudium7
588 837 717 873 rebus
750 831 927 885 paratis,
961 831 1180 873 exornatis
1210 830 1402 884 nuptiis?

299 905 357 947 Ut
380 905 501 945 illum
526 905 568 945 di
591 904 844 946 inmortales
869 917 1014 946 omnes
1042 903 1244 957 deaeque,
1277 906 1538 957 quantumst,
1561 901 1783 956 perduint!

301 976 435 1026 Quem
466 984 642 1031 propter
672 976 798 1017 hodie
831 977 926 1017 auri
956 979 1127 1017 tant-um
1156 975 1326 1029 perdidi
1355 975 1517 1026 infelix.
1548 975 1691 1016 miser.

890 1047 1193 1102 Lyconides

298 1123 418 1163 Bono
451 1122 593 1162 animo
628 1134 682 1163 es,
723 1120 830 1161 bene
863 1119 969 1161 dice.
1038 1119 1162 1161 Nunc
1194 1133 1302 1173 quae
1333 1133 1403 1161 res
1442 1118 1523 1160 tibi
1554 1123 1597 1160 et
1627 1121 1784 1172 gnatae

1245 1196 1348 1233 tuae
1717 1201 1785 1234 780

296 1265 410 1306 Bene
443 1265 710 1317 feliciterque
745 1268 891 1305 uortat
920 1286 978 1292 —
1005 1264 1068 1305 ita
1100 1263 1143 1304 di
1172 1263 1324 1314 faxint,
1355 1263 1535 1317 inquito.

945 1335 1133 1377 Euclio

297 1408 367 1449 Ita
398 1408 441 1449 di
471 1407 653 1449 faciant!

894 1479 1188 1534 Lyconides

719 1550 775 1592 Et
806 1550 911 1592 mihi
942 1552 1004 1593 ita.
1036 1551 1080 1593 di
1109 1550 1290 1593 saciant!
1337 1551 1453 1592 Audi
1482 1564 1597 1592 nunc
1627 1550 1726 1591 iam.

301 1623 382 1673 Qui
413 1623 540 1665 homo
572 1623 743 1677 culpam
775 1623 952 1664 admisit
982 1624 1026 1664 in
1059 1638 1115 1675 se,
1145 1623 1309 1664 nullust
1339 1628 1431 1665 tam
1460 1622 1587 1677 parui
1618 1621 1744 1676 preti,

298 1695 410 1745 Quin
442 1695 618 1749 pudeat,
651 1710 780 1748 quoin
811 1700 968 1749 purget
1001 1709 1113 1747 sese3
1153 1709 1266 1736 nunc
1297 1698 1340 1736 te
1373 1695 1588 1746 obtestor,
1619 1693 1785 1745 Euclio,
1843 1698 1846 1699 ⁷

296 1766 371 1818 Et,
414 1768 448 1808 si
492 1767 594 1820 quid
632 1781 707 1821 ego
752 1781 853 1821 erga
891 1772 934 1809 te
973 1767 1210 1821 inprudens
1250 1767 1426 1821 peccaui
1467 1771 1544 1808 aut
1581 1769 1759 1819 gnatam

1246 1846 1380 1890 tuam,
1720 1847 1787 1881 785

294 1910 351 1952 L‘t
383 1911 487 1952 mihi
512 1912 709 1964 ignoscas
742 1925 921 1963 eamque
954 1925 1130 1953 uxorem
1162 1910 1267 1952 mihi
1294 1910 1381 1958 des„
1413 1915 1461 1952 ut
1483 1909 1599 1964 leges
1622 1909 1784 1951 iubent.

295 1983 387 2036 Ego
419 1997 484 2024 me
516 1983 718 2024 iniuriam
748 1981 901 2024 fecisse
932 1982 1047 2023 filiae
1078 1982 1218 2024 fateor
1248 1988 1348 2024 tuae

293 2053 462 2096 ⁴Cereris
494 2054 653 2108 uigiliis
685 2068 761 2108 per
791 2055 942 2095 uinum
974 2060 1104 2107 atque
1136 2055 1310 2109 inpulsu
1342 2054 1676 2096 adulescentia-e.

943 2126 1136 2168 Euclio

294 2197 348 2239 Ei
377 2197 493 2249 mihi,
526 2199 644 2252 quod
674 2198 842 2240 facinus
875 2212 927 2239 ex
957 2203 1000 2240 te
1033 2213 1109 2252 ego
1143 2198 1298 2240 audio?

892 2270 1190 2325 Lyconides

1374 2341 1462 2383 Cur
1493 2341 1641 2392 eiulas,

299 2412 434 2462 Quem
466 2426 543 2466 ego
576 2427 705 2455 auom
736 2414 819 2455 feci
851 2415 938 2455 iam
968 2418 1016 2455 ut
1049 2428 1165 2455 esses
1196 2413 1310 2455 filiae
1342 2414 1537 2468 nuptiis?
1719 2424 1785 2457 790

296 2485 407 2526 Nam
430 2490 508 2527 tua
534 2489 667 2538 gnata
690 2486 861 2539 peperit
887 2486 1065 2527 decumo
1091 2499 1238 2544 mense
1262 2490 1383 2540 post3
1407 2499 1634 2526 numerum
1666 2498 1782 2539 cape.

384 2670 451 2701 777
473 2669 612 2713 parat-is
638 2673 748 2713 atque
774 2671 959 2704 exornatis
1046 2671 1110 2704 773
1133 2670 1308 2714 perdiunt
1391 2671 1457 2704 780
1482 2681 1520 2703 es
1545 2672 1581 2703 et
1605 2668 1784 2703 benedice

289 2725 362 2759 ⁴784
386 2725 474 2769 quin
498 2735 635 2770 purget
739 2727 803 2760 735
830 2738 898 2771 ego
925 2737 987 2761 om.
1097 2728 1161 2761 786
1186 2727 1339 2761 iubeant
1451 2727 1517 2760 787
1540 2724 1626 2759 fihae
1651 2725 1782 2760 fecisse

291 2783 359 2817 789
384 2783 497 2818 eiuias
