1854 3188
134 168 164 213 Ι,
182 170 212 212 1,
237 169 372 202 32-42
781 166 992 201 Bacchides.
1574 171 1626 210 65

729 292 959 333 Bacchis
993 291 1033 333 S.

138 363 251 414 Quid
283 364 337 406 ab
368 364 451 406 hac
481 364 667 405 me'cuis‘.>

716 458 1055 500 Pistoclerus

486 530 598 580 Quid
629 544 705 583 ego
738 535 938 581 metuam,
969 530 1163 583 rogitas?
1204 529 1468 572 Adulescens
1500 531 1629 573 homo

137 603 363 644 Penetrem
394 616 460 643 me
490 602 618 643 huius
650 603 765 644 modi
798 603 842 643 in
873 602 1154 656 palaestram,
1195 601 1271 643 ubi
1304 602 1470 644 damnis
1503 603 1629 645 desu-

1092 673 1296 725 dascitur,

136 746 224 788 Ubi
253 760 332 802 pro
364 745 483 788 disco
516 746 718 787 damnum
751 746 930 800 capiam⁷
962 760 1039 800 pro
1072 759 1251 787 cursura
1283 745 1496 787 dedecus?
1586 759 1629 792 65

731 840 764 881 B
778 854 803 881 a
815 854 836 881 c
847 854 868 881 c
878 839 928 881 hi
941 854 959 881 s
990 841 1038 881 A.

139 913 302 967 Lepide
333 926 558 954 memoras.
967 930 971 933 ·

721 995 752 1036 P
765 996 807 1036 is
818 999 836 1036 t
849 1010 872 1037 o
883 995 928 1036 cl
940 1009 961 1036 e
971 1010 992 1036 r
1003 1010 1030 1036 u
1041 1009 1059 1036 s

605 1067 689 1109 Ubi
721 1081 797 1120 ego
831 1068 999 1121 capiam
1029 1081 1108 1122 pro
1141 1067 1374 1109 machaera
1405 1071 1632 1110 turturem,

142 1139 313 1195 Ubique
344 1140 528 1194 inponat
557 1140 601 1180 in
632 1153 804 1180 manum
835 1140 946 1181 alius
979 1139 1084 1180 mihi
1115 1153 1194 1193 pro
1220 1143 1338 1181 cestu
1364 1139 1632 1182 cantharum.

138 1212 223 1253 Pro
255 1212 380 1266 galea
411 1211 648 1266 scaphium,
679 1226 757 1266 pro
789 1212 949 1265 insigni
980 1212 1034 1253 sit
1067 1211 1228 1253 corolla
1259 1212 1456 1266 plectilis,

142 1284 224 1326 Pro
256 1283 383 1326 hasta
413 1284 542 1336 talus,
574 1299 650 1338 pro
681 1284 818 1326 lorica
848 1284 1065 1325 malacum
1098 1284 1266 1338 capiam
1298 1283 1491 1338 pallium,

142 1356 226 1398 Ubi
264 1356 369 1398 mihi
407 1371 485 1411 pro
526 1370 636 1410 equo
674 1356 812 1398 lectus
853 1343 1012 1408 detur,⁴
1047 1359 1239 1398 scortum
1277 1370 1355 1410 pro
1397 1359 1519 1398 scuto
1561 1355 1636 1397 ad-

1096 1427 1238 1469 cubet.
1593 1440 1638 1472 70

142 1500 290 1555 Apagc
323 1514 348 1541 a
378 1514 458 1552 nie,
490 1514 640 1554 apage.

741 1579 971 1621 Bacchis
1003 1579 1050 1620 A.

558 1652 636 1703 Ah,
667 1652 847 1693 nimium
877 1651 992 1692 ferus
1025 1665 1081 1692 es.

727 1745 1064 1787 Pistoclerus

1007 1817 1115 1858 Mihi
1148 1831 1253 1858 sum.

740 1900 972 1943 Bacchis
1006 1900 1052 1941 A.

1201 1971 1546 2013 Malacissandus
1579 1986 1635 2014 es.

145 2046 359 2100 Equidem
389 2045 471 2087 tibi
503 2045 555 2086 do
587 2044 699 2086 hanc
731 2058 920 2098 operam.

723 2131 1066 2173 Pistoclerus

827 2203 884 2244 At
913 2203 1092 2244 nimium
1123 2204 1318 2257 pretiosa
1349 2216 1392 2244 es
1425 2202 1637 2256 operaria.

739 2307 970 2350 Bacchis
1002 2310 1050 2349 A.

147 2382 359 2425 Simulato
391 2396 459 2423 me
492 2395 651 2423 amare.

717 2451 1031 2493 Pistocleru
1047 2466 1064 2493 s

530 2523 685 2566 Utrum
717 2537 793 2577 ego
824 2524 937 2565 ist-uc
967 2524 1092 2565 iocon
1125 2523 1380 2565 adsimulem
1413 2535 1466 2562 an
1498 2521 1637 2562 serio?

238 2695 281 2729 63
316 2694 357 2728 E.
383 2694 433 2728 Et
466 2693 554 2738 quid
577 2693 613 2727 Β
739 2693 851 2727 homo
884 2693 1098 2728 adulescens
1237 2692 1283 2725 64
1306 2690 1506 2725 Penetrare
1530 2689 1638 2724 huius

147 2751 192 2785 '70
214 2762 352 2795 praeco
412 2751 606 2787 accumbet
630 2750 676 2795 B,
705 2751 924 2785 accumbent
951 2749 979 2784 G
1046 2751 1088 2783 ¹71
1114 2759 1196 2783 mea
1217 2758 1331 2792 apage
1404 2748 1446 2780 73
1472 2747 1584 2780 istum
1602 2745 1639 2780 B

1345 2815 1364 2847 5
