1854 3188
160 196 208 240 11,
221 198 253 241 2,
273 197 404 231 13—29
835 196 987 236 Captiui.
1572 201 1644 239 161

823 321 988 374 Hegio

161 393 320 436 Secede
350 393 454 445 huc;
486 407 586 435 nam
618 398 719 436 sunt
751 407 861 447 quae
894 407 945 434 ex
975 398 1017 434 te
1049 393 1140 434 solo
1172 394 1320 435 scitari
1349 394 1461 445 uolo,

158 464 351 515 Quarum
380 479 525 507 rerum
555 469 598 507 te
629 465 872 507 falsilocum
903 464 1007 505 mihi
1038 478 1134 506 esse
1164 465 1277 506 nolo.

731 559 1077 601 Philocrates

1339 630 1436 674 Non
1467 645 1551 682 ero,

158 702 285 753 Quod
317 704 472 755 sciam3
506 703 542 744 si
574 703 677 758 quid
708 703 899 755 nescibo,
932 702 976 744 id
1006 703 1201 744 nescium
1232 702 1403 744 tradam
1434 703 1526 744 tibi.

769 790 1047 845 Tyndarus

156 861 282 904 Nunc
315 876 444 904 senex
477 867 543 905 est
574 863 617 904 in
650 863 887 913 tonstrina3
919 861 989 903 hic
1023 862 1109 904 iam
1132 862 1294 903 cultros
1320 861 1499 903 adtinet.
1583 873 1648 906 265

157 932 221 975 Ne
245 934 289 975 id
313 934 487 988 quidem
509 934 723 976 inuolucri
748 935 906 975 inicere
929 934 1080 985 uoluit,
1112 938 1281 975 uestem
1307 938 1355 975 ut
1371 948 1423 975 ne
1440 934 1647 988 inquinet.

157 1005 243 1047 Sed
260 1010 404 1048 utrum
420 1007 658 1048 strictimne
676 1006 960 1048 adtonsurum
978 1006 1117 1047 dicam
1142 1019 1233 1048 esse
1252 1019 1307 1047 an
1326 1020 1403 1059 per
1420 1006 1646 1059 pectinem,

154 1078 332 1130 Nescio3
364 1092 516 1120 uerum
548 1079 584 1120 si
613 1078 781 1132 fmgist,
812 1092 946 1131 usque
979 1077 1258 1120 admutilabit
1287 1077 1434 1132 probe.

820 1166 986 1219 Hegio

159 1237 273 1288 Quid
305 1238 382 1279 tu‘?
415 1251 618 1279 seruosne
650 1251 743 1279 esse
776 1251 831 1279 an
862 1237 972 1279 liber
1002 1237 1194 1288 mauelis,
1225 1251 1415 1279 memora
1445 1236 1561 1277 mihi.

727 1324 1077 1366 Philocrates

156 1396 420 1438 Proxumum
451 1396 566 1449 quod
598 1397 654 1438 sit
684 1396 797 1439 bono
830 1397 1030 1450 quodque
1063 1410 1088 1437 a
1118 1396 1231 1438 malo
1263 1396 1535 1450 longissume⁷
1582 1407 1647 1439 270

154 1468 204 1509 Id
235 1468 347 1520 uolo⁷
380 1482 645 1523 quamquam
676 1483 761 1510 non
791 1468 975 1510 multum
1005 1468 1087 1510 fuit
1117 1468 1300 1510 molesta
1331 1468 1519 1509 seruitus

153 1539 245 1581 Nec
277 1540 379 1581 mihi
411 1554 536 1582 secus
568 1544 674 1591 erat,
708 1555 836 1594 quam
869 1542 903 1582 si
935 1555 1075 1582 essem
1105 1540 1332 1581 familiaris
1363 1539 1490 1581 filius.

761 1627 1040 1682 Tyndarus

155 1698 385 1752 Eugepae!
432 1699 609 1742 Thalem
639 1700 804 1741 talento
837 1714 923 1740 non
955 1713 1094 1740 emam
1123 1698 1358 1750 Milesium;

154 1770 266 1812 Nam
300 1770 355 1812 ad
387 1772 643 1825 sapientiam
672 1771 798 1813 huius
828 1771 897 1813 ille
926 1772 1082 1813 nimius
1113 1775 1298 1823 nugator
1328 1769 1420 1811 fuit.

156 1842 216 1884 Ut
245 1842 386 1885 facete
419 1844 659 1886 orationem
690 1843 745 1885 ad
776 1844 1028 1885 seruitutem
1061 1841 1262 1884 contulit!
1582 1854 1646 1886 275

820 1930 991 1984 Hegio

157 2000 252 2051 Quo
289 2001 340 2043 de
371 2016 525 2056 genere
556 2005 706 2044 natust
736 2002 824 2044 illio
855 2001 1155 2044 Philocrates?

728 2088 1075 2131 Philocrates

1199 2160 1458 2215 Polyplusio,

156 2233 284 2284 Quod
314 2247 449 2286 genus
479 2232 587 2275 illist
616 2247 749 2274 unum
782 2231 946 2286 pollens
977 2236 1106 2284 atque
1137 2231 1538 2274 honoratissumum.

819 2319 982 2373 Hegio

161 2391 275 2442 Quid
306 2393 426 2446 ipsus
457 2391 554 2433 hic?
586 2405 670 2445 quo
702 2391 908 2433 honorest
937 2391 1054 2432 illic?

727 2478 1075 2520 Philocrates

860 2549 1033 2592 Summo
1066 2554 1196 2602 atque
1228 2549 1282 2591 ab
1315 2549 1492 2590 summis
1524 2548 1641 2588 uiris.

249 2719 315 2752 265
339 2718 499 2752 tostrina
591 2730 688 2753 nunc
713 2719 787 2753 iam
879 2719 945 2752 266
970 2719 1160 2753 inuoluere
1264 2718 1329 2750 268
1354 2716 1529 2750 admutila
1554 2715 1644 2749 labit

157 2775 223 2809 273
247 2774 353 2820 Euge
383 2775 505 2819 petale
529 2775 693 2809 tanlento
786 2777 853 2809 274
876 2775 937 2810 ille
963 2785 1026 2809 om.
1118 2776 1180 2809 277
1208 2774 1282 2808 illic
1308 2777 1362 2807 est

1334 2843 1369 2874 11
