1897 3171
254 208 332 246 538
908 202 1086 236 Curculio.

252 348 299 370 ex
330 334 501 382 quinque
533 332 794 378 tetrametris,
835 335 879 368 ut
911 333 1052 368 statuit
1083 330 1262 381 Spengel.
1296 330 1424 368 Plaut.
1456 343 1494 379 p.
1534 331 1624 368 130.
1678 330 1739 368 Fl.

252 404 291 438 et
323 413 574 438 numerorum
616 413 752 446 causa,
792 403 835 437 ut
875 399 1094 437 trochaicos
1134 400 1379 448 septenarios
1410 399 1574 445 faceret,
1617 399 1741 435 multa

250 469 435 514 mutavit,
469 471 509 505 et
539 482 615 506 VSS.
654 469 842 506 131—-32
877 471 966 504 ante
1004 468 1078 504 129
1104 467 1246 515 posuit.
1287 487 1342 491 —
1387 467 1477 504 128.
1526 462 1615 504 Hoc
1645 463 1742 503 uide

252 537 492 585 indignantis
525 540 602 582 est,
637 536 683 574 cf.
720 537 795 573 153
830 539 868 573 et
898 539 1030 573 annot.
1064 534 1113 571 ad
1145 535 1278 572 Aulul.
1305 536 1370 572 46.
1399 554 1453 559 —
1485 532 1668 571 auco-iter
1695 547 1743 570 ex

251 605 442 655 glossario
466 604 649 641 Plautino
677 603 790 641 affert
816 603 1052 641 Ritschelius
1082 603 1224 652 Opusc.
1252 602 1301 649 II,
1333 616 1371 652 p.
1406 602 1504 649 247,
1539 602 1604 651 qui
1636 601 1742 650 quod

257 673 486 721 „haustibus
518 671 669 721 plenis“
706 673 823 709 scribi
854 672 1044 717 voluerat,
1078 670 1234 707 Muller.
1260 670 1418 707 Nachtr.
1452 684 1490 720 p.
1526 671 1575 707 52
1608 669 1745 706 laudat

252 741 372 779 Stich.
414 742 516 778 469:
568 740 763 790 „Propino
802 740 876 776 tibi
916 740 1083 776 salutem
1122 738 1248 788 plenis
1294 736 1512 776 faucibus“.
1553 758 1607 763 —
1651 737 1742 774 129.

254 806 347 847 Em.
410 809 557 858 Gepp.:
613 807 782 854 „Idem“.
816 827 871 833 —-
916 809 1006 845 130.
1057 803 1242 844 Periisse
1273 806 1415 856 Speng.
1447 820 1582 843 versus
1614 819 1741 843 causa.

256 878 436 915 Ceterum
470 877 584 914 solita
618 877 857 913 scurrilitate
889 875 1097 913 Palinurus
1129 875 1401 912 Phaedromum
1437 876 1492 912 ait
1524 875 1670 912 dixisse
1702 883 1746 911 56

243 944 429 995 perisse,
477 958 594 994 quum
626 945 723 982 nihil
756 945 863 981 aliud
896 957 1012 993 quam
1053 948 1211 993 questus
1251 947 1355 980 esset
1393 956 1433 980 se
1465 944 1628 988 nescire,
1669 955 1745 991 qua

253 1016 405 1052 ratione
437 1014 684 1063 potissimum
715 1014 840 1050 oratio
872 1012 1097 1061 incipienda
1128 1015 1249 1057 esset,
1282 1011 1355 1048 hoc
1388 1012 1490 1048 enim
1522 1014 1579 1048 est
1608 1010 1743 1060 „perii,

253 1080 425 1120 nescio“.
473 1081 726 1118 Phaedromus
744 1082 875 1130 inepte
893 1082 1082 1118 iocantem
1101 1093 1203 1129 aegre
1220 1080 1350 1117 ferens
1370 1078 1430 1127 (ut
1445 1093 1482 1117 v.
1501 1076 1571 1126 45)
1591 1081 1625 1115 ei
1644 1079 1746 1115 male

253 1154 449 1201 precatur,
485 1150 531 1187 cf.
560 1151 650 1186 317.
687 1150 779 1187 314.
833 1149 933 1187 Rud.
954 1151 1046 1186 375.
1102 1149 1218 1186 Most..
1239 1150 1337 1187 984:
1376 1148 1458 1191 ..SL
1491 1147 1583 1186 Uidi
1611 1147 1748 1184 ecferri

255 1223 465 1256 mortuum.
513 1218 631 1255 Modo
665 1231 749 1255 eum
781 1218 927 1254 uixisse
959 1217 1127 1254 aiebant.
1175 1217 1256 1254 TH.
1290 1217 1372 1255 Uae
1405 1217 1524 1266 capiti
1553 1213 1663 1253 tuo“.
1696 1215 1745 1252 al.

258 1307 305 1312 —
344 1289 433 1324 131.
481 1282 649 1335 Ecquid
679 1282 816 1324 Iubet?
855 1299 1017 1335 ecquam
1047 1286 1293 1335 voluptatem
1325 1283 1472 1322 sentis?
1513 1285 1560 1322 cf.
1597 1284 1746 1331 „laetus

254 1351 417 1392 lubens“
452 1355 559 1392 Trin.
595 1356 686 1392 821.
722 1355 769 1391 al.
833 1354 945 1400 Quod
977 1354 1026 1391 ad
1057 1367 1210 1391 versum
1243 1355 1401 1399 attinet,
1435 1357 1474 1390 et
1504 1354 1649 1390 tertius
1680 1365 1748 1402 pes

257 1420 394 1470 (lubet.
437 1419 585 1469 Lubet)
621 1427 659 1459 et
690 1423 878 1471 septimus
911 1420 1068 1472 (fodere
1100 1419 1156 1468 lu)
1188 1422 1528 1471 proceleusmatici
1554 1425 1654 1458 sunt.
1693 1440 1750 1444 —-

253 1512 309 1516 --
353 1493 441 1529 132.
490 1487 575 1529 noli
614 1491 709 1528 ferri
751 1503 827 1528 non
866 1494 1020 1541 potest;
1068 1492 1156 1540 quis
1196 1493 1298 1528 enim
1331 1503 1418 1527 eum
1449 1493 1556 1528 vetat
1587 1489 1748 1526 stimulo

254 1561 326 1606 uti,
361 1562 427 1609 qui
459 1560 658 1596 stimulum
692 1572 770 1596 non
802 1556 972 1596 habeat?
1033 1558 1206 1597 Studem.
1240 1559 1386 1597 Cantic.
1419 1573 1457 1608 p.
1493 1560 1541 1596 89
1582 1556 1740 1606 „nihili“

255 1629 432 1674 coniecit,
467 1640 542 1677 quo
575 1627 692 1665 modo
725 1641 864 1677 parum
898 1631 987 1678 apte
1013 1627 1241 1665 Palinurum
1270 1628 1513 1665 allocuturus
1540 1631 1642 1673 erat;
1676 1639 1746 1676 ego

255 1693 391 1734 Tacen
429 1706 482 1734 cm
518 1693 630 1733 non?
693 1695 795 1742 Quid
841 1698 943 1733 enim
991 1696 1100 1733 aliud
1146 1709 1263 1745 quam
1309 1700 1440 1733 tacere
1478 1708 1565 1732 eum
1604 1694 1744 1732 iubet‘?

252 1764 329 1802 Sed
363 1764 540 1801 absoluta
573 1763 797 1801 emendatio
830 1777 908 1801 non
942 1764 1113 1810 videtur,
1154 1778 1242 1801 nam
1282 1763 1458 1801 addenda
1492 1767 1551 1800 est
1582 1763 1743 1812 syllaba,

252 1837 297 1870 ut
327 1836 560 1870 tetrameter
591 1833 746 1880 integer
784 1831 871 1879 fiat,
914 1833 1040 1869 velut:
1093 1831 1275 1878 ,.Tacen‘?
1308 1846 1356 1869 an
1389 1845 1465 1869 non
1497 1828 1607 1869 uis‘.³“
1658 1837 1743 1869 aut:

256 1901 408 1948 „Tacen
448 1915 496 1938 an
537 1898 642 1938 non‘?
696 1900 774 1938 PA.
815 1900 897 1950 Ego
937 1898 1088 1938 taceo“.
1134 1921 1189 1925 —
1236 1910 1376 1939 areum
1415 1899 1592 1949 appellat
1630 1913 1746 1937 anum

252 1973 453 2007 senectute
479 1971 692 2006 incurvam.
754 1969 874 2006 Ludit·
905 1973 1033 2005 autem
1066 1970 1105 2006 in
1137 1968 1397 2006 simititudine
1430 1981 1542 2005 arcus
1567 1968 1743 2015 caelestis,

255 2051 381 2087 quem,
414 2038 481 2074 ubi
508 2038 611 2074 latus
637 2041 738 2074 esset
766 2042 803 2074 et
834 2041 950 2074 terrae
983 2038 1220 2083 coniunctus,
1254 2050 1395 2086 aquam
1428 2033 1560 2074 bibere
1590 2039 1629 2072 et
1658 2037 1745 2085 plu-

252 2107 354 2142 viam
388 2106 629 2154 portendere
663 2105 857 2151 dicebant,
894 2106 940 2143 cf.
960 2105 1076 2153 Verg.
1096 2104 1236 2155 Georg.
1255 2105 1283 2152 I,
1320 2107 1418 2143 380:
1456 2105 1580 2153 „bibit
1610 2107 1745 2154 ingens

252 2172 407 2211 arcus“.
471 2174 601 2211 Tibul.
634 2173 662 2219 I,
697 2175 732 2220 4,
768 2175 838 2210 44:
876 2174 1079 2221 „imbrifer
1111 2171 1262 2211 arcus“.
1324 2173 1425 2212 Plin.
1459 2173 1559 2210 Hist.
1592 2177 1671 2210 nat.
1696 2173 1745 2221 II,

254 2243 317 2279 59.
353 2243 416 2279 60.
454 2243 544 2279 150.
574 2261 626 2265 -
659 2243 733 2278 133
763 2242 983 2279 trochaicus
1009 2243 1246 2279 octonarius.
1295 2241 1436 2291 Speng.
1466 2243 1745 2292 anapaesticum

254 2309 349 2347 facit
371 2308 582 2359 .,periisse“
606 2309 780 2346 scribens
806 2315 846 2347 ut
870 2311 960 2347 130.
1009 2310 1162 2347 Primus
1186 2323 1269 2360 pes,
1297 2306 1442 2348 Iamne
1465 2320 1536 2360 690
1560 2306 1665 2357 huic,
1698 2322 1746 2346 ne

252 2380 419 2415 creticus
451 2391 522 2427 pro
557 2383 754 2428 anapaesto
780 2379 851 2424 sit,
884 2378 1040 2415 Miiller.
1075 2379 1183 2416 Pros.
1209 2392 1247 2428 p.
1284 2380 1361 2416 120
1392 2379 1496 2425 „Iam
1529 2375 1625 2426 eg0“
1654 2378 1745 2414 scri-

252 2446 378 2483 bebat.
401 2466 447 2470 —-
472 2447 549 2483 134
569 2450 725 2483 constat
743 2460 790 2483 ex
808 2448 952 2483 cretico
971 2450 1205 2483 tetrametro
1223 2450 1261 2483 et
1279 2447 1445 2483 dimetro
1460 2446 1673 2484 trochaico.
1691 2465 1747 2469 —-

256 2515 330 2551 135
364 2518 596 2551 tetrameter
629 2516 805 2552 creticus.
868 2512 977 2564 quod
1001 2511 1107 2552 lubet
1141 2518 1230 2552 cett.
1259 2515 1369 2552 codd.
1401 2534 1457 2539 —
1492 2516 1568 2551 136
1601 2518 1638 2551 et
1667 2515 1743 2551 137

250 2583 443 2619 octonarii
467 2582 675 2629 t1·0chaici;
707 2582 771 2619 sed
796 2583 964 2632 priorem
990 2582 1071 2619 cod.
1098 2584 1136 2619 in
1163 2582 1260 2620 duos
1287 2583 1562 2632 quaternarios
1588 2581 1743 2619 dividit.

252 2650 394 2687 Versus
442 2663 556 2687 causa
596 2651 654 2688 Fl.
696 2660 767 2699 690
816 2650 993 2697 addidit-3
1040 2650 1181 2700 Bergk.
1231 2656 1269 2688 et
1311 2651 1484 2688 Studem.
1524 2663 1596 2700 pro
1643 2646 1743 2698 Quia

256 2716 497 2764 ..Quoniam“
532 2723 760 2767 posuerunt.
822 2728 939 2757 careo
981 2732 1067 2756 cum
1101 2720 1321 2756 accusativo
1355 2720 1477 2768 iungit
1511 2719 1627 2754 etiam
1655 2717 1742 2755 Ter.

250 2784 348 2823 Eun.
392 2787 497 2823 223:
565 2800 665 2832 „non
716 2799 786 2834 ego
836 2787 945 2823 illam
999 2783 1205 2823 caream‘?“
1285 2787 1433 2836 Turpil.
1477 2787 1554 2823 32:
1615 2799 1745 2831 „meos
