1897 3171
750 164 794 199 V.
821 166 1009 199 812—824.
1543 172 1624 210 363

127 298 217 335 istis
249 296 364 334 minis
395 295 490 332 mihi
520 295 746 333 thesaurum
779 295 932 342 eripias.
966 314 1021 319 —
1053 295 1145 331 819.
1172 294 1292 342 pote-5·
1321 291 1532 343 probasse,
1569 297 1621 333 cf.

131 365 262 403 Madv.
295 363 361 402 Gr.
394 364 481 401 Lat.
515 364 608 400 407.
642 382 696 387 —
729 363 821 399 820.
856 359 1023 410 inquam
1053 362 1186 410 priore
1218 368 1409 412 correpta,
1444 377 1478 400 v,
1499 364 1619 401 Proll.

130 446 169 482 p.
203 433 296 470 203.
333 452 380 456 —
416 432 508 469 821.
540 428 673 478 modo,
705 444 740 468 v.
775 431 866 467 815.
899 448 955 454 —
987 430 1079 466 822.
1112 424 1179 466 Ita
1213 425 1367 478 loquor,
1402 431 1447 468 cf.
1478 432 1620 481 Amph.

135 502 261 539 1014:
312 499 490 547 „MERC
524 499 618 545 Quis
649 499 699 536 ad
729 499 826 535 foris
857 494 944 534 est‘?
998 496 1159 533 AMPH.
1193 496 1277 544 Ego
1311 511 1405 536 sum.
1463 499 1620 537 MERC.

131 567 263 615 Quid?
296 581 366 618 ego
398 564 508 605 sum?
547 567 709 604 AMPH.
741 566 801 603 Ita
831 561 1014 614 loquor“.
1063 563 1138 602 Sed
1161 565 1252 601 talis
1278 568 1516 604 asseveratio
1541 575 1622 604 tum

135 636 289 673 demum
318 636 448 673 locum
477 635 608 682 habet,
642 636 674 672 si
705 634 899 672 dubitatio
931 634 1167 670 intercessit.
1216 633 1342 679 Quare
1366 634 1440 672 hoc
1467 648 1622 684 quoque

130 704 218 741 loco
249 704 374 741 simile
405 703 500 753 quid
529 704 798 741 intercessisse
830 701 1082 739 crediderim:
1130 701 1232 747 „LY.
1265 698 1416 751 Nuyccs
1448 701 1621 751 narsis?

132 771 240 810 STR.
272 772 335 808 Ita
358 769 540 821 loquor“.
567 775 639 809 cet.
671 791 728 796 —-
756 768 818 809 At
847 768 938 808 scin
971 765 1208 818 quomodo?
1246 771 1433 807 minantis
1474 776 1543 817 est,
1586 784 1620 808 v.

132 840 183 877 ad
213 839 356 889 Amph.
391 841 483 877 352.
515 859 570 864 —-
602 837 728 886 emta,
762 853 812 876 sc.
845 852 917 885 me,
950 838 1028 875 vid.
1063 838 1111 874 ad
1141 838 1250 875 Asin.
1285 839 1377 875 392.

244 907 412 956 Reliqua
458 907 599 944 fabulae
637 921 729 957 pars
770 907 899 953 deest,
948 907 1007 943 cui
1056 906 1225 942 defectui
1264 907 1339 943 viri
1380 906 1485 944 docti
1531 907 1623 944 olim

130 976 250 1013 variis
281 975 564 1025 supplementis
595 988 820 1012 succurrere
852 975 981 1012 conati
1013 978 1115 1012 sunt.
1163 974 1378 1012 Pessimum
1411 980 1484 1021 est,
1519 975 1623 1024 quod

130 1044 331 1094 profertur
359 1044 401 1080 in
431 1043 605 1081 editione
636 1043 923 1081 Mediolanensi
955 1056 988 1080 a.
1012 1043 1133 1089 1500,
1167 1056 1405 1092 quamquam
1438 1056 1460 1080 a
1490 1044 1623 1080 multis

130 1115 270 1162 postea
298 1113 533 1162 repetitum3
574 1112 697 1149 multo
735 1111 886 1159 melius,
928 1114 1048 1159 atque
1087 1110 1184 1148 adeo
1222 1124 1299 1148 non
1337 1112 1476 1160 exigua
1506 1112 1622 1148 laude

133 1181 295 1228 dignum
335 1184 394 1218 est
431 1180 745 1230 supplementum
785 1179 903 1217 Codri
941 1178 1069 1225 Urcei,
1116 1179 1306 1216 bonarum
1353 1182 1493 1217 artium
1534 1193 1622 1229 pro-

130 1249 292 1286 fessoris
322 1249 598 1294 Bononiensis,
646 1249 714 1297 qui
754 1250 918 1284 exeunte
955 1247 1095 1284 saeculo
1135 1248 1273 1296 quinto
1315 1248 1464 1285 decimo
1504 1249 1620 1293 vixit3

132 1330 230 1366 quae,
271 1318 337 1367 qui
370 1317 489 1363 volet,
529 1317 570 1353 in
598 1316 798 1362 Gronovii,
837 1315 981 1362 Bothfi,
1023 1316 1188 1353 aliorum
1223 1315 1463 1353 editionibus
1493 1317 1622 1364 legere

130 1387 299 1436 poterit3
352 1398 422 1422 nos
469 1385 598 1422 aliena
653 1398 738 1422 cum
783 1384 978 1421 Plautinis
1024 1385 1185 1433 iungere
1230 1384 1437 1422 noluimus.
1519 1385 1623 1422 Illud

132 1457 264 1491 autem
295 1457 459 1503 apparet
487 1453 551 1490 vel
583 1466 631 1490 ex
660 1454 726 1496 iis,
777 1466 862 1502 quae
902 1453 1305 1498 commemoravimus,
1344 1454 1520 1502 vestigiis
1562 1453 1622 1489 vel

131 1535 180 1559 ex
209 1522 462 1570 Argumentis
493 1521 636 1558 fabulae
666 1522 909 1571 praepositis,
950 1521 1219 1570 supervenisse
1251 1519 1494 1567 Euclionem,
1527 1521 1621 1558 olla-

129 1603 207 1640 que
240 1592 427 1628 restituta
465 1592 523 1627 ita
562 1590 737 1638 gavisum
776 1602 876 1635 esse,
917 1592 961 1625 ut
999 1592 1161 1637 repente
1199 1589 1300 1625 alius
1340 1589 1455 1626 homo
1497 1590 1622 1626 factus

131 1659 182 1696 sit
212 1662 251 1696 et
281 1658 435 1696 abiecta
465 1657 627 1695 sordida
658 1659 827 1695 avaritia
859 1656 1049 1706 Lyconidi
1079 1670 1158 1694 non
1190 1657 1317 1694 solum
1348 1656 1489 1703 filiam,
1534 1671 1620 1707 quae

127 1725 293 1762 filiolum
324 1739 449 1776 nuper
481 1727 596 1763 enixa
627 1730 698 1773 est,
737 1739 899 1764 uxorem
933 1725 1015 1771 det,
1057 1726 1124 1762 sed
1156 1727 1273 1762 etiam
1306 1739 1443 1762 aurum
1476 1727 1515 1763 in
1546 1726 1622 1763 olla

129 1797 331 1844 repertum
363 1794 494 1832 dotem
527 1793 606 1832 det.

242 1861 468 1913 Deperditae
521 1863 648 1912 partis
708 1862 926 1912 fragmenta
979 1875 1106 1912 pauca
1165 1863 1269 1912 apud
1327 1864 1619 1912 grammatiCOS,

129 1931 297 1968 maxime
336 1931 441 1981 apud
480 1930 669 1978 Nonium,
717 1934 872 1967 servata
910 1934 1011 1969 sunt.
1089 1931 1179 1977 Quae
1221 1943 1297 1980 quo
1336 1944 1452 1968 sensu
1491 1935 1558 1967 aut
1600 1944 1621 1967 a

128 2012 209 2048 qua
251 2012 421 2049 persona
465 1999 572 2036 dicta
617 2001 714 2046 sint,
762 1999 974 2037 admodum
1013 1999 1174 2036 dubium
1215 2002 1294 2046 θεῖ’-,ς
1340 2012 1410 2036 nos
1455 1998 1622 2047 exempli

129 2080 250 2104 causa
300 2068 430 2104 omnia
472 2066 655 2105 Euclioni
707 2067 916 2105 tribuimus
970 2081 1182 2117 omnesque
1227 2080 1363 2104 versus
1410 2067 1621 2104 statuimus

128 2135 350 2174 trochaicos
395 2137 638 2185 septenarios
684 2135 801 2172 fuisse
847 2140 886 2172 et
932 2135 979 2172 ad
1025 2140 1237 2173 extremam
1285 2135 1426 2172 fabulae
1468 2148 1621 2171 scenam

128 2204 385 2253 pertinuisse,
419 2217 496 2253 qua
525 2203 664 2241 Euclio
696 2207 849 2241 mutato
882 2204 1012 2241 animo
1043 2205 1216 2253 priorem
1248 2204 1337 2240 vitae
1371 2203 1530 2252 agendae
1562 2216 1620 2238 ra-

128 2271 280 2308 tionem
306 2271 467 2309 damnat·
492 2275 531 2308 et
552 2271 709 2308 liberali
742 2272 868 2308 animo
894 2275 1021 2309 totum
1052 2272 1277 2309 thesaurum
1309 2283 1454 2321 genero
1487 2270 1618 2306 donat.

245 2340 339 2376 824.
373 2339 627 2390 Septenarius
660 2341 714 2377 sic
746 2340 896 2390 expleri
926 2344 1083 2389 potest:
1120 2335 1345 2390 „[Post·2do
1374 2333 1439 2388 ut]
1472 2334 1540 2387 qui
1565 2334 1621 2373 mi

131 2404 244 2445 olera
261 2405 389 2446 cruda
396 2408 570 2456 ponunt,
597 2404 698 2446 allec
712 2402 916 2458 [quoque]
935 2405 1066 2446 duint.
1076 2407 1091 2423 ‘⁴
1140 2408 1276 2445 Euclio
1296 2407 1423 2443 dicere
1443 2405 1618 2441 videtur:

132 2474 269 2523 „Sicut
294 2477 390 2526 ipse,
415 2476 483 2514 ubi
509 2475 631 2513 cruda
656 2476 750 2513 mihi
775 2477 882 2513 olera
905 2480 1169 2526 apponuntur,
1195 2475 1366 2525 postulo,
1384 2478 1427 2510 ut
1453 2473 1620 2509 addatur

129 2543 248 2590 allec,
289 2545 345 2581 ita
375 2544 471 2591 tibi,
512 2546 574 2581 cui
612 2542 733 2581 filiam
764 2545 804 2581 in
833 2545 1125 2581 matrimonium
1156 2542 1291 2588 trado,
1340 2542 1454 2578 etiam
1489 2540 1618 2576 dotem

130 2610 310 2649 addam.“
367 2608 467 2650 allec
493 2616 622 2649 autem
646 2614 726 2649 sive
751 2608 889 2660 hallec,
923 2612 1028 2662 quod
1059 2613 1143 2661 gari
1174 2612 1311 2647 vitium
1344 2609 1438 2646 dicit
1471 2608 1618 2644 Plinius

130 2678 232 2717 Hist.
264 2683 347 2718 nat.
379 2680 530 2727 XXXI,
565 2682 599 2728 8,
633 2681 704 2727 44,
740 2682 790 2718 95
824 2678 908 2728 (ubi
943 2679 1094 2728 „allex“
1131 2676 1345 2724 scribitur),
1397 2678 1501 2713 inter
1533 2689 1620 2712 cou-

131 2747 304 2785 dimenta
333 2761 437 2786 cenae
469 2752 572 2795 erat,
614 2762 649 2786 v,
681 2748 790 2786 Pers.
828 2751 926 2786 107:
982 2746 1157 2796 ,Ecquid
1198 2744 1413 2782 hallecis?“
1481 2745 1618 2781 Horat.
