1897 3171
237 189 320 228 224
925 186 1046 220 Plauti
1480 187 1512 230 1,
1528 189 1558 230 2,
1574 167 1697 232 58—'3‚
1714 191 1736 222 4

237 312 419 363 Quando
452 326 528 366 ego
559 316 602 354 te
633 311 760 353 uideo
793 312 1018 365 inmutatis
1051 312 1242 354 moribus
1269 327 1374 365 esse,
1404 327 1486 365 ere,
1513 317 1643 369 atque
1670 315 1734 355 in-

1194 385 1331 443 genio.

801 471 1166 513 Phaedromus

350 543 532 594 Pessuli,
563 543 671 585 heus
702 543 878 598 pessuli,
912 557 988 584 uos
1021 543 1163 584 saluto
1195 542 1361 595 lubens,

348 615 437 657 Uos
470 629 578 666 amo,
610 629 688 656 uos
718 614 830 666 uolo,
862 628 940 656 uos
972 619 1072 668 peto
1105 618 1236 669 atque
1271 615 1473 664 obsecro:

351 688 500 730 Gerite
531 686 695 728 amanti
725 685 829 726 mihi
860 700 1024 727 morem
1055 687 1371 739 amoenissumi‚

349 759 445 801 Fite
478 772 612 801 causa
643 771 740 799 mea
771 757 878 799 ludii
910 757 1099 810 barbari,
1672 772 1735 806 150

353 830 569 881 Sussilite,
604 829 797 880 obsech
831 834 874 871 et
905 831 1062 872 mittite
1093 831 1233 872 istanc
1264 831 1394 883 foras,

351 903 470 954 Quae
502 901 605 943 mihi
636 901 791 943 misero
824 903 987 943 amanti
1020 902 1154 944 ebibit
1188 904 1451 957 sanguinem.

350 975 443 1017 Hoc
475 975 587 1026 uide,
620 978 669 1015 ut
701 974 921 1015 dormiun‘ss
952 975 1113 1028 pessuli
1145 976 1333 1029 pessumi

350 1047 439 1088 Nec
469 1059 566 1088 mea
597 1047 737 1099 gratia
770 1051 1030 1088 commouent
1062 1061 1105 1089 se
1139 1047 1271 1089 ocius.

236 1118 457 1173 Perspicio
489 1117 614 1159 nihili
645 1132 784 1159 meam
815 1132 892 1159 uos
924 1119 1109 1172 gratiam
1141 1118 1298 1161 facere.
1671 1132 1733 1165 155

239 1190 299 1244 St,
330 1195 441 1238 tace,
474 1194 585 1231 tace.

837 1275 869 1315 P
880 1275 951 1315 ali
965 1289 991 1315 n
1004 1289 1031 1315 ιι
1042 1289 1063 1315 r
1075 1289 1102 1316 u
1113 1289 1130 1316 s

651 1345 790 1388 Taceo
822 1346 965 1388 hercle
999 1347 1211 1400 equidem.

802 1429 1046 1473 Phaedro
1062 1445 1172 1472 mus

1295 1501 1442 1543 Sentio
1474 1503 1674 1544 sonitum.

239 1573 430 1615 Tandem
463 1573 616 1627 edepol
648 1573 754 1614 mihi
785 1574 987 1626 morigeri
1018 1574 1183 1628 pessuli
1214 1573 1333 1615 fiunt.

411 1834 572 1877 ANUS.
635 1834 826 1877 UIRGO.
888 1834 1272 1879 ADULESCENS.
1336 1835 1566 1878 SERUOS.

885 1953 1093 1995 Leaena

240 2024 415 2066 Placide
455 2025 660 2077 egredere
703 2029 745 2066 et
786 2024 976 2066 sonitum
1018 2025 1197 2078 prohibe
1236 2024 1393 2066 forium
1435 2028 1477 2066 et
1524 2024 1737 2078 crepitum

1197 2097 1433 2148 cardinum,

239 2167 317 2219 Ne,
352 2168 465 2221 quod
499 2167 568 2208 hic
599 2169 776 2221 agimus,
811 2182 909 2210 erus
943 2169 1156 2223 percipiat
1186 2167 1291 2219 fieri,
1322 2182 1419 2210 mea
1449 2168 1713 2210 Planesium.

241 2240 381 2289 Mane,
415 2238 659 2281 suffundam
693 2240 907 2295 aquolam.

839 2327 1135 2370 Palinurus

595 2397 749 2451 Uiden,
782 2403 831 2440 ut
863 2413 969 2441 anus
1001 2399 1190 2441 tremula
1221 2399 1477 2441 medicinam
1509 2398 1644 2440 facit?
1675 2410 1738 2443 160

241 2470 385 2525 Eapse
417 2484 582 2512 merum
616 2471 851 2512 condidicit
881 2471 1050 2523 bibere3
1091 2471 1257 2513 foribus
1299 2471 1374 2513 dat
1406 2485 1575 2524 aquam,
1610 2484 1737 2523 quam

1196 2543 1359 2585 bibant.

338 2713 400 2746 150
423 2711 570 2746 mealidi
642 2712 707 2745 155
732 2711 905 2755 Respicio
981 2713 1044 2746 156
1070 2711 1141 2746 Sed
1216 2713 1279 2746 157
1305 2712 1455 2746 morieri
1529 2713 1593 2746 158
1617 2711 1737 2746 forum

312 2768 481 2802 cardium
555 2769 618 2802 160
644 2768 816 2812 aquulam
840 2768 912 2802 ΡΑ.
940 2768 1052 2803 Uidin
