1854 3188
200 223 278 262 120
884 217 1006 251 Plauti
1426 215 1488 259 IV,
1504 217 1537 259 8,
1554 216 1692 251 64—33

195 345 317 386 Illest
349 347 528 386 amotus.
564 342 662 384 Sine
694 356 773 394 me,
805 357 882 397 per
911 347 965 393 te,
998 355 1080 392 ere,
1114 341 1293 384 obsecro
1622 353 1693 387 900

197 417 310 458 Deos
341 414 597 457 inmortalis.
629 415 691 456 ire
722 415 805 456 huo
835 416 948 456 intro
981 413 1035 455 ad
1064 413 1211 456 filium.

788 508 1093 550 Nicobulus

196 582 312 633 Quid
343 595 392 623 eo
425 582 539 623 intro
570 581 683 622 ibis?

794 673 1087 727 Chrysalus

741 745 799 787 L't
831 753 944 787 eum‘
960 745 1086 786 dictis
1118 745 1330 799 plurumis

199 820 431 874 Castigem,
464 833 592 874 quom
623 819 731 860 haec
764 818 825 859 sio
858 816 974 858 facta
1006 816 1060 858 ad
1091 816 1202 858 hunc
1234 816 1368 859 faeiat
1400 818 1587 860 modum.

795 911 1092 953 Nicobulus

196 988 331 1028 Immo
365 1000 451 1028 oro.
484 990 532 1026 ut
562 984 711 1034 facias,
744 982 961 1038 Chrysale,
995 988 1037 1025 et
1068 984 1142 1025 ted
1173 983 1365 1034 obsecro,

197 1058 312 1101 Caue
344 1058 483 1113 pai-sis
515 1057 559 1098 in
590 1070 686 1098 eum
718 1055 872 1098 dicere.

794 1148 1089 1204 Chrysalus

931 1221 1077 1263 Etiam
1107 1235 1173 1263 me
1204 1222 1377 1263 mones?
1623 1233 1690 1268 905

197 1296 320 1338 Satin
352 1300 431 1345 est,
463 1296 499 1337 si
528 1295 654 1349 plura
686 1308 737 1336 ex
767 1307 834 1335 me
866 1293 1014 1335 audiet
1044 1293 1173 1335 hodie
1206 1294 1334 1344 mala,

197 1367 337 1418 Quam
367 1367 536 1409 audiuit
566 1379 772 1420 umquam
803 1363 941 1406 Clinia
974 1379 1024 1406 ex
1055 1365 1304 1407 Demetrio?
1333 1388 1390 1394 —

792 1459 1092 1501 Nicobulus

197 1536 325 1589 Lippi
356 1534 443 1575 illic
477 1533 591 1575 oculi
623 1546 772 1574 seruos
806 1535 871 1574 est
903 1531 1178 1574 simillumus:

197 1607 242 1649 Si
271 1620 358 1648 non
389 1610 468 1649 est.
499 1605 609 1647 nolis
642 1618 734 1646 esse
764 1617 903 1656 neque
936 1603 1174 1654 desideres3

196 1679 240 1722 Si
272 1683 347 1726 est,
380 1677 611 1727 abstinere,
643 1677 747 1729 quin
779 1675 992 1729 adtingas,
1023 1689 1109 1716 non
1141 1689 1286 1729 queas.
1623 1685 1692 1719 910

194 1751 307 1792 Nam
338 1750 382 1791 ni
413 1749 499 1790 illic
530 1748 658 1790 hodie
689 1747 800 1790 forte
831 1747 1005 1789 fortuna
1035 1747 1106 1788 hio
1135 1747 1260 1788 foret.

195 1822 321 1863 Miles
353 1820 665 1862 Mnesilochum
697 1834 794 1861 oum
824 1833 957 1861 uxore
990 1819 1255 1873 opprimeret
1287 1831 1366 1860 sua

196 1894 338 1946 Atque
371 1898 651 1947 optruncaret
684 1890 907 1933 moechum
937 1890 1311 1932 manufestarium.

195 1965 319 2006 Nunc.
354 1965 475 2018 quasi
508 1963 706 2006 ducentis
738 1963 949 2017 Philippis
981 1962 1064 2003 emi
1095 1961 1244 2004 filium.

199 2035 314 2086 Quos
347 2036 448 2077 dare
480 2036 658 2090 promisi
688 2035 833 2085 militi3
867 2045 972 2087 quos
1003 2047 1089 2075 non
1122 2033 1233 2074 dabo
1623 2044 1691 2078 915

198 2108 378 2149 Temere
411 2108 554 2154 etiam,
587 2108 707 2162 prius
741 2120 871 2161 quam
902 2105 1038 2147 filium
1071 2119 1332 2155 conuenero3

197 2179 444 2232 Numquam
476 2178 630 2233 edepol
661 2179 897 2232 quidquam
927 2182 1087 2219 temere
1120 2177 1294 2219 credam
1325 2175 1544 2230 Chrysalo.

197 2251 359 2293 Uerum
389 2249 511 2292 lubet
543 2251 674 2292 etiam
704 2250 811 2291 mihi
840 2249 917 2290 has
948 2249 1170 2304 perlegere
1203 2249 1359 2300 denuo;

197 2323 434 2376 Aequomst
466 2321 641 2364 ‘tabellis
674 2322 937 2376 consignatis
970 2321 1156 2363 credere.

290 2673 354 2706 903
380 2671 470 2706 haec
496 2671 591 2707 faeta
616 2671 768 2706 siadhuc
794 2671 838 2713 B,
869 2671 960 2706 haec
986 2670 1083 2705 facta
1108 2671 1160 2705 sie
1187 2671 1232 2705 ad
1256 2671 1353 2705 hune
1381 2671 1410 2706 C
1534 2673 1600 2706 908
1624 2671 1690 2706 ille

200 2729 266 2763 910
290 2740 451 2772 nequeas
477 2729 512 2763 Β
603 2730 669 2763 914
693 2728 895 2772 Philippeis
920 2729 955 2763 B
1047 2729 1113 2761 915
1139 2728 1222 2762 dere
1247 2729 1282 2762 B
