1897 3171
249 190 330 228 472
918 184 1075 228 Captiui.

246 317 393 353 victum
425 315 521 352 dicit
561 328 638 351 non
669 313 841 351 molliter
872 313 1051 351 incedere
1083 312 1150 350 sed
1183 324 1407 361 scruposam
1439 311 1588 348 calcare
1620 311 1734 348 viam.

244 380 357 422 Nam
388 383 483 421 olim
514 382 775 420 emendatum.
855 412 873 429 „
886 377 1136 427 Commetare,
1171 376 1400 417 conmeare“
1438 379 1587 416 Nonius
1612 392 1650 428 p.
1686 379 1734 415 89

244 451 361 489 Novii
394 453 432 488 et
463 451 617 488 Afranii
649 450 827 500 exempla
865 450 1050 496 afferens,
1099 449 1145 487 cf.
1178 448 1281 485 Men.
1317 448 1409 485 998.
1471 446 1559 485 Ter.
1593 446 1735 484 Heaut.

246 520 341 557 444.
365 539 421 544 —-
452 520 542 557 186.
573 516 717 557 uinces
739 528 813 566 me,
847 532 896 556 sc.
923 523 967 555 ut
992 531 1071 555 non
1094 517 1266 562 veniam3
1299 515 1557 553 similitudine
1581 518 1739 552 retenta

246 588 349 625 dicet
382 601 441 634 se,
475 588 653 637 quamvis
685 587 867 625 calceatis
898 586 1082 623 dentibus
1115 598 1212 635 opns
1244 585 1314 630 sit,
1352 586 1484 621 tamen
1514 586 1736 620 venturum.

245 656 352 694 Brix.
393 655 495 693 conf.
535 655 654 693 Stich.
696 657 789 694 751.
838 675 890 680 —-
936 664 988 692 ne
1019 650 1231 702 postules,
1279 652 1326 690 cf.
1367 652 1509 702 Amph.
1543 653 1636 689 782.
1686 671 1735 676 —

249 725 402 772 tamen,
442 737 477 762 v.
511 723 653 773 Amph.
689 724 781 761 538.
814 743 865 747 —
911 724 1001 760 189.
1047 719 1276 768 terrestris,
1324 734 1371 757 ex
1399 723 1506 758 terra
1537 723 1650 768 nata,
1695 722 1740 756 ut

246 794 330 844 ipse
361 793 539 843 proximo
580 805 696 829 versu
734 791 923 840 explicat,
970 786 1113 828 multis
1153 784 1350 836 oleribus,
1397 790 1423 826 i.
1457 802 1488 826 e.
1523 788 1739 825 multorum

249 862 412 907 olerum,
456 861 574 898 ablat.
609 860 794 909 descript.
828 863 871 896 ut
910 872 945 895 v.
984 860 1074 897 170.
1151 857 1332 896 Oleribus
1364 861 1496 895 autem
1527 856 1607 894 fere
1643 869 1740 906 pau-

248 931 422 979 periores
453 929 659 975 vivebant,
700 928 747 965 cf.
780 928 880 965 Plin.
914 927 961 965 H.
995 927 1041 964 N.
1074 926 1187 973 XIX,
1231 927 1268 974 4,
1305 927 1368 973 19,
1404 927 1475 962 52:
1522 938 1594 972 „ex
1625 924 1742 962 horto

247 998 375 1048 plebei
409 996 661 1043 macellum“;
710 996 961 1034 delicatiores
995 995 1251 1045 spernebant,
1287 994 1334 1032 cf.
1366 993 1508 1031 Pseud.
1544 994 1622 1030 816
1656 1006 1742 1043 sqq.

249 1067 382 1104 Iuven.
406 1068 467 1112 11,
495 1067 567 1103 78:
605 1065 770 1112 „Curius
800 1077 922 1114 parvo
955 1077 1040 1113 quae
1072 1064 1224 1112 legerat
1253 1062 1381 1109 horto,
1414 1064 1499 1111 ipse
1529 1061 1625 1098 focis
1655 1061 1743 1098 bre-

248 1135 360 1172 vibus
392 1134 565 1185 ponebat
595 1134 818 1180 holuscula,
857 1145 942 1182 quae
974 1146 1077 1169 nunc
1110 1131 1316 1181 squalidus
1347 1132 1387 1168 in
1418 1142 1561 1178 magna
1590 1128 1744 1166 fastidit

250 1203 437 1253 compede
468 1202 637 1240 fossor·⁴.
699 1202 865 1239 Plautus
898 1201 1074 1239 consulto
1108 1200 1312 1238 obscurius
1343 1200 1531 1249 loquitur,
1563 1201 1608 1235 ut
1630 1211 1743 1248 para-

249 1273 325 1309 sito
357 1271 622 1322 respondendi
654 1271 806 1308 occasio
839 1270 901 1317 sit,
935 1270 1010 1308 sibi
1042 1269 1202 1319 quidem
1233 1271 1463 1306 terrestrem
1487 1267 1633 1304 victum
1657 1279 1744 1316 gra-

249 1341 444 1378 tissimum
476 1353 581 1387 esse,
616 1339 800 1390 quoniam
831 1352 896 1376 sus
927 1339 1125 1376 terrestris
1155 1337 1283 1375 bestia
1313 1337 1376 1374 sit.
1432 1335 1593 1373 Planius
1617 1338 1745 1372 autem

252 1423 292 1446 re
324 1409 518 1459 explicata
555 1406 678 1456 „isto“
723 1408 854 1457 inquit
896 1407 1008 1455 „cibo
1049 1410 1239 1454 aegrotos,
1288 1406 1354 1455 qui
1395 1405 1498 1442 domi
1529 1408 1608 1440 tuae
1639 1406 1744 1450 sunt,

252 1475 427 1516 curato“.
453 1498 509 1502 —
543 1479 634 1515 190.
670 1473 785 1515 Num
818 1473 917 1526 quid
949 1471 1045 1514 nis?
1076 1475 1122 1513 cf.
1155 1474 1297 1525 Amph.
1334 1475 1425 1512 538.
1450 1492 1507 1497 —
1529 1481 1747 1510 memorem

251 1556 410 1593 mones,
459 1546 504 1583 cf.
547 1545 666 1584 Stich.
712 1547 803 1583 578.
844 1565 897 1569 —
948 1545 1037 1581 191.
1084 1538 1311 1582 subducam
1355 1536 1652 1588 ratiunculam,
1698 1539 1744 1577 cf.

253 1615 364 1652 Cure.
401 1616 492 1653 371.
568 1614 668 1652 Non.
710 1628 748 1664 p.
786 1615 885 1651 399:
939 1612 1199 1659 ,‚subducere,
1247 1607 1503 1661 supputare“.
1552 1629 1606 1634 -
1654 1609 1745 1646 192.

257 1680 525 1733 Qua-utillum.
586 1683 674 1720 Non
717 1683 879 1719 multum
920 1686 1069 1719 restare
1100 1684 1217 1731 putat
1246 1682 1457 1730 postquam
1489 1678 1538 1716 ad
1571 1677 1747 1727 captivos

254 1752 437 1789 emendos
496 1756 651 1788 tantum
712 1750 981 1800 insumpserit.
1029 1770 1083 1774 —
1134 1745 1377 1798 trapezitam
1441 1742 1744 1797 „tarpessitam“

255 1821 435 1858 Plautum
470 1821 617 1857 dixisse
650 1821 732 1857 veri
764 1818 893 1856 simile
926 1822 996 1864 est,
1031 1831 1064 1855 v.
1090 1817 1246 1867 Proleg.
1272 1830 1309 1866 p.
1330 1818 1423 1855 208.
1455 1836 1512 1841 —
1546 1814 1636 1853 193.
1670 1824 1748 1865 quo

257 1887 316 1926 ire
347 1886 545 1934 dixeram,
583 1889 630 1926 cf.
664 1888 795 1925 Aulul.
833 1887 923 1925 108.
956 1906 1011 1911 —
1044 1883 1157 1923 mero
1188 1886 1280 1923 olim
1313 1884 1576 1923 emendatum.

369 1957 583 2005 Postquam
616 1956 797 1993 abierunt
830 1955 956 2005 Hegio
989 1959 1027 1992 ‹et
1058 1955 1276 2005 parasitus,
1317 1955 1358 1990 in
1387 1953 1593 2004 proscenio
1625 1965 1749 1989 rema-

256 2028 349 2062 nent
384 2025 527 2074 captivi
561 2025 636 2061 duo
670 2028 707 2061 et
739 2025 840 2061 servi
873 2037 936 2061 eos
964 2023 1230 2061 custodientes
1261 2021 1312 2068 (v.
1333 2023 1410 2059 211
1433 2019 1548 2071 sqq),
1583 2034 1749 2071 quorum

256 2097 441 2144 princeps
481 2094 726 2143 captivorum
765 2093 939 2130 dolorem
986 2092 1107 2129 solari
1140 2095 1315 2128 conatur.
1378 2089 1579 2128 Canticum
1610 2090 1751 2139 incipit

258 2164 305 2201 ab
360 2161 539 2199 iambicis
592 2161 768 2199 versibus
823 2164 1078 2210 systematum
1131 2160 1248 2197 modo
1311 2159 1546 2206 coniunctis,
1609 2157 1750 2195 deinde

258 2233 402 2270 transit
433 2231 472 2268 in
498 2230 676 2268 creticos.
730 2231 920 2267 195—97
954 2229 1030 2267 duo
1063 2228 1254 2266 octonarii
1284 2228 1445 2265 iambici
1477 2241 1563 2265 cum
1595 2230 1750 2277 quater·
1812 2239 1817 2243 ·

260 2302 391 2346 nario;
433 2299 500 2336 sed
542 2299 701 2336 alterius
740 2299 892 2335 numeri
930 2300 997 2335 vix
1037 2297 1180 2346 integri
1220 2300 1328 2341 sunt3
1375 2297 1415 2332 in
1455 2296 1574 2333 tertio
1604 2292 1752 2346 fuistis

260 2369 456 2418 synizesin
486 2368 659 2418 patitur,
707 2381 741 2405 v.
774 2366 929 2414 Proleg.
965 2367 1057 2403 215.
1091 2386 1146 2390 —
1179 2362 1339 2414 estqui,
1385 2364 1410 2401 i.
1443 2378 1474 2402 e..
1507 2365 1682 2414 perpeti,
1714 2377 1751 2400 v.

261 2437 401 2474 Pseud.
445 2437 548 2474 998:
601 2438 789 2480 „mortem
822 2432 1003 2483 exequi“.
1075 2434 1181 2471 Trin.
1226 2434 1325 2471 686:
1377 2430 1658 2483 ‚,egestatem“.
1702 2421 1782 2456 --⁸

262 2526 315 2530 ——
351 2506 584 2543 los—200.
631 2503 738 2541 Duos
779 2504 1002 2541 octonarios
1041 2503 1230 2539 iambicos
1272 2501 1418 2552 excipit
1448 2502 1644 2547 senarius,
1693 2500 1753 2537 cui

262 2573 421 2611 additur
453 2573 624 2610 eiulat-io.
694 2571 886 2610 Ultimum
926 2575 964 2609 et
1003 2572 1130 2621 ipsum
1171 2571 1411 2609 octonarium
1450 2570 1545 2606 facit
1576 2567 1752 2606 Studem.

263 2642 373 2680 Cant.
407 2656 444 2691 p.
480 2643 528 2678 23
563 2641 729 2691 scripto:
775 2639 899 2687 „Ohe!
933 2639 1027 2676 ohe!
1073 2659 1121 2664 -—
1166 2641 1257 2677 199.
1299 2639 1340 2676 et
1377 2634 1496 2676 herili
1526 2636 1636 2674 codd.
1670 2650 1754 2674 cor-

264 2714 390 2759 rupte.
454 2710 660 2747 Editorum
691 2709 870 2759 plerique
899 2705 986 2756 „et“
1013 2707 1196 2745 delerunt
1223 2706 1271 2754 (F
1275 2708 1299 2745 l.
1323 2704 1488 2754 „etiam“
1516 2701 1752 2755 substituit),

265 2783 303 2816 et-
333 2792 514 2815 enarrare
547 2782 712 2813 conatur
748 2776 929 2813 Bothius:
969 2789 1156 2825 „eamque
1187 2789 1258 2826 per
1282 2776 1440 2825 ingenia
1465 2778 1597 2812 vestra
1624 2773 1753 2812 facere
