1854 3188
115 196 179 237 IV,
197 199 247 241 10,
264 198 395 232 18—-32
768 194 966 228 Aulularia.
1545 196 1599 235 49

117 323 222 365 Luci
254 322 370 364 claro
403 321 663 375 deripiamus
695 334 847 361 aurum
878 319 1087 361 matronis
1119 319 1283 372 palam3

114 394 268 436 Postid
299 394 335 435 si
367 393 560 447 deprensi
592 393 738 437 simus.
771 405 1039 441 excusemus,
1073 389 1216 432 ebrios

114 465 204 507 Nos
233 465 386 507 fecisse
418 465 576 506 amoris
608 477 750 505 causa.
811 463 949 504 Nimis
980 462 1110 503 uilest
1141 462 1291 503 uinum
1316 467 1446 515 atque
1471 475 1601 514 amor,

117 537 163 580 Si
195 537 312 579 ebrio
343 540 473 591 atque
506 536 667 579 amanti
696 536 855 589 inpune
885 534 1041 585 facere,
1074 533 1192 588 quod
1220 533 1382 583 lubeat,
1414 534 1527 576 licet.

713 606 1008 660 Lyconides

117 680 231 731 Quin
260 681 340 722 tibi
371 679 487 722 ultro
521 678 811 733 supplicatum
841 679 969 720 uenio
1001 677 1054 720 ob
1088 676 1322 719 stultitiam
1347 691 1496 718 meam.
1538 687 1603 721 745

768 750 954 792 Euclio

116 824 213 865 Non
260 823 362 865 mihi
400 823 592 864 homines
631 821 823 875 placent⁷
872 822 963 874 qui,
1017 820 1192 875 quando
1238 820 1349 861 male
1398 819 1605 870 fecerunt,

1068 892 1306 946 purgitant.

119 967 183 1008 Tu
214 967 333 1008 illam
366 966 506 1008 scibas
536 980 621 1007 non
652 969 772 1006 tuam
805 978 920 1006 esse:
951 979 1037 1006 non
1069 964 1290 1005 adtactam
1322 963 1527 1018 oportuit.

712 1036 1010 1091 Lyconides

118 1111 234 1165 Ergo
266 1111 367 1164 quia
397 1123 490 1151 sum
520 1113 697 1162 tangere
730 1122 870 1159 ausus,
901 1108 1019 1149 haud
1052 1107 1289 1158 causificor,
1324 1107 1427 1161 quin
1459 1121 1552 1148 eam

114 1182 213 1235 Ego
245 1181 434 1224 habeam
463 1181 762 1235 potissumum.

770 1250 960 1293 Euclio

820 1323 913 1364 Tun
943 1321 1107 1364 habeas
1143 1336 1210 1364 me
1242 1322 1379 1364 inuito
1410 1322 1580 1364 meam?

715 1394 1015 1450 Lyconides

120 1469 252 1511 Haud
268 1474 312 1512 te
327 1470 466 1511 inuito
481 1467 676 1522 postu103
709 1467 785 1509 sed
807 1480 946 1508 meam
972 1480 1065 1508 esse
1091 1470 1292 1520 oportere
1310 1465 1510 1508 arbitror.
1544 1476 1611 1511 750

123 1542 235 1593 Quin
266 1547 314 1583 tu
345 1542 431 1583 iam
462 1541 676 1591 inuenies,
714 1540 910 1593 inquam,
949 1552 1089 1580 meam
1120 1537 1240 1579 illam
1272 1552 1366 1580 esse
1400 1542 1611 1592 oportere,

1076 1610 1243 1652 Euclio.

773 1682 960 1724 Euclio

81 1782 83 1784 -
123 1754 217 1797 Nisi
246 1755 383 1797 refers
413 1779 469 1784 —

723 1824 1019 1879 Lyconides

425 1897 537 1948 Quid
566 1897 648 1939 tibi
680 1911 758 1950 ego
788 1897 1005 1939 referam?

774 1969 965 2011 Euclio

1017 2041 1140 2092 Quod
1174 2041 1428 2095 subripuisti
1459 2054 1611 2090 meum,

120 2114 216 2156 Iam
247 2114 421 2168 quidem
450 2113 594 2154 hercle
625 2116 668 2154 te
699 2112 755 2154 ad
786 2117 1032 2167 praetorem
1058 2113 1226 2167 rapiam
1253 2117 1294 2154 et
1317 2112 1398 2154 tibi
1426 2112 1612 2154 scribam

1076 2185 1230 2227 dicam.

719 2256 753 2297 L
764 2271 790 2311 y
799 2270 821 2297 c
832 2271 855 2298 o
866 2257 917 2297 ni
929 2257 955 2298 d
966 2270 987 2298 e
999 2270 1018 2298 s

124 2328 332 2383 Subripui
363 2342 440 2382 ego
470 2329 621 2370 tuum‘?
675 2327 799 2370 Unde
808 2328 827 2369 ‘1²
860 2334 936 2369 aut
968 2328 1070 2382 quid
1101 2328 1145 2369 id
1177 2328 1268 2370 est'?

772 2400 807 2441 E
817 2415 844 2441 u
857 2414 878 2441 c
889 2400 926 2441 li
939 2414 962 2442 o

1038 2472 1106 2513 Ita
1136 2479 1179 2513 te
1211 2471 1372 2513 amabit
1402 2470 1610 2524 Iuppiter,

122 2543 182 2586 Ut
210 2548 260 2586 tu
291 2545 444 2586 nescis.

216 2713 280 2746 741
306 2713 404 2747 Luce
430 2713 529 2748 clara
627 2714 693 2747 742
717 2714 841 2758 prensi
935 2715 1002 2748 744
1025 2713 1092 2748 liet
1181 2713 1245 2746 751
1272 2719 1314 2745 tu
1340 2722 1419 2746 eam
1443 2710 1611 2744 inuenies

123 2769 192 2803 ’754
218 2768 381 2814 Suri-ipio
534 2770 650 2804 ambit

1240 2836 1263 2869 4
