1897 3171
247 184 329 223 410
885 177 1100 213 Bacchides.

360 310 454 346 497.
495 308 710 357 Postquam
741 307 922 344 abierunt
954 308 1087 352 ceteri,
1119 306 1385 343 Mnesilochus
1416 319 1545 344 secum
1578 306 1625 344 de
1655 306 1734 344 for-

245 380 342 414 tuna
372 390 442 413 sua
473 377 635 413 senariis
667 376 858 424 queritur.
926 374 1114 422 Ignorare
1146 387 1184 410 se
1224 375 1297 420 ait,
1338 379 1471 411 utrum
1502 374 1733 412 Bacchidem

247 459 295 482 an
325 445 584 482 Pistoclerum
615 444 738 491 magis
768 444 969 480 inimicum
1000 442 1155 479 habeat.
1217 438 1501 480 Inimiciorem
1532 456 1579 479 ex
1609 444 1643 479 A
1674 456 1732 480 re-

247 513 381 551 stituit
411 512 562 549 Ritsch.
595 532 650 536 —-
691 514 782 549 500.
815 513 868 548 Α;
907 510 987 557 „Ne
1019 510 1085 546 illa
1116 508 1197 555 id‘²‚
1231 523 1317 546 cum
1348 509 1457 546 hiatu
1487 515 1575 559 post
1610 508 1733 557 ‚,Ne“.

247 580 361 627 Quod
391 583 432 618 in
475 581 614 617 ceteris
652 579 763 617 codd.
797 579 897 616 male
939 578 1117 615 additum
1149 582 1207 614 est
1243 574 1392 624 „meo“,
1426 579 1574 614 omittit
1604 579 1650 615 A.
1680 598 1736 603 —

250 650 341 686 501.
386 645 585 695 „Iurant-i“
634 648 762 697 inquit
814 645 955 693 „mihff
1006 659 1118 682 nemo
1164 644 1339 691 credat⁴',
1386 645 1465 683 vid.
1506 645 1553 681 ad
1593 645 1734 696 Amph.

248 717 339 753 665.
365 735 421 741 --
448 717 539 753 502.
573 712 636 752 Ni
660 725 731 765 ⁶²90
754 711 870 752 illam
896 710 1095 762 exemplis
1118 710 1331 761 plurumis
1353 709 1561 762 planeque
1579 733 1627 738 —
1658 713 1736 750 dic-

247 788 362 821 turus
395 788 479 820 erat
515 782 730 829 „ulciscar‘²
767 788 834 820 aut
869 780 1104 831 „perdam‘⁴;
1151 781 1219 818 sed
1250 781 1347 818 nihil
1378 783 1537 830 gravius
1575 783 1615 818 in
1652 795 1738 818 eam

249 852 379 889 dicere
412 854 610 888 sustinens
644 852 743 900 παρὰ
775 851 996 899 προσδοκίαν
1029 849 1140 886 addit
1171 859 1274 896 amo,
1307 849 1386 887 vid.
1421 849 1469 886 ad
1500 850 1608 886 Asin.
1643 850 1735 886 877.

246 940 303 945 —
332 921 423 958 503.
456 916 549 966 Ῐιαῑι,
584 919 691 969 quod
721 919 758 956 h.
791 919 816 955 l.
851 922 958 955 extat
989 919 1028 954 111
1059 918 1104 964 A,
1138 929 1214 953 non
1247 921 1314 963 est,
1353 922 1397 954 ut
1428 921 1620 967 putarunt
1652 920 1738 966 qui·

248 989 337 1025 dam
377 988 530 1036 antiqui
568 988 811 1037 grammatici
858 984 910 1032 (v,
950 985 1097 1023 Ritsch.
1138 985 1294 1034 Proleg.
1326 984 1433 1023 Trin.
1473 999 1512 1035 p.
1547 985 1586 1023 C.
1619 983 1737 1035 sqq.),

244 1057 408 1106 propria
437 1055 552 1092 huius
582 1055 763 1093 vocabuli
793 1055 919 1091 forma
958 1050 1130 1102 („auad“
1167 1066 1249 1091 esse
1288 1055 1427 1091 statuit
1460 1053 1602 1091 Christ.
1635 1053 1736 1092 Mus.

246 1124 372 1162 Rhen.
403 1123 550 1170 XXIII,
582 1136 620 1172 p.
656 1122 772 1170 565),
813 1122 882 1160 sed
912 1122 1087 1169 vulgaris
1117 1122 1400 1171 pronuntiandi
1430 1123 1553 1168 ratio,
1595 1123 1740 1159 extrita

250 1193 482 1230 consonanti
512 1204 651 1240 parum
682 1191 778 1228 forti
810 1196 901 1228 ante
935 1191 1096 1227 alteram
1130 1193 1419 1236 consonantem,
1451 1191 1617 1227 maxime
1649 1193 1738 1227 ante

249 1261 285 1306 d,
317 1274 354 1310 p,
387 1273 436 1306 m,
470 1273 500 1306 s,
532 1259 599 1296 ubi
637 1259 845 1305 „hauseio”
879 1272 958 1295 una
989 1271 1066 1295 vox
1096 1257 1158 1304 fit,
1206 1258 1285 1296 vid.
1318 1258 1466 1295 Phocas
1505 1257 1552 1294 de
1592 1259 1739 1306 aspira-

248 1327 426 1377 tione'p.
464 1329 582 1365 1724.
629 1327 757 1364 Plaut.
788 1327 907 1364 Most.
942 1328 1035 1363 771.
1088 1326 1209 1363 Poen.
1248 1327 1366 1363 1212.
1420 1326 1545 1362 Huius
1576 1339 1668 1363 usus
1700 1331 1739 1363 et

248 1397 422 1434 Plautini
455 1395 581 1442 codd.,
622 1396 789 1432 maxime
820 1396 865 1442 A,
907 1394 973 1431 sed
1006 1395 1123 1431 etiam
1154 1394 1184 1431 B
1216 1394 1420 1443 tribusque
1451 1398 1521 1439 aut
1551 1398 1740 1443 quattuor

248 1465 345 1502 locis
362 1464 401 1510 C,
429 1467 467 1500 et
482 1463 682 1500 Mediceus
708 1463 835 1500 Taciti
860 1463 994 1509 codex,
1030 1466 1067 1498 et
1095 1461 1170 1499 alia
1196 1466 1458 1508 monumenta,
1491 1461 1599 1499 velut
1625 1462 1739 1512 Corp.

248 1534 369 1570 Inscr.
388 1532 518 1569 Latin.
544 1532 573 1578 I,
604 1533 723 1578 1007,
757 1531 932 1581 exempla
957 1534 1173 1573 servarunt,
1207 1530 1277 1566 sed
1299 1543 1375 1567 non
1400 1533 1480 1567 tam
1504 1534 1738 1576 constanter,

249 1605 292 1638 ut
325 1614 397 1650 pro
428 1600 512 1649 lege
543 1599 679 1637 haberi
710 1600 837 1649 possit
869 1604 937 1636 aut
967 1600 1006 1636 in
1038 1598 1159 1635 libros
1201 1598 1429 1635 inferendus
1460 1597 1655 1636 videatur.
1687 1618 1742 1623 —

251 1665 450 1707 deluserit
484 1669 537 1714 A,
585 1681 655 1704 nec
696 1667 860 1704 offendit
898 1667 1116 1717 perfectum
1154 1667 1394 1703 coniunctivi
1432 1678 1504 1715 pro
1542 1667 1740 1714 praesenti,

251 1737 329 1774 vid.
363 1737 412 1773 ad
453 1737 545 1773 332.
607 1735 682 1773 Sed
721 1739 829 1772 totus
868 1735 977 1772 locus
1009 1734 1250 1782 gravissimis
1291 1733 1446 1771 laborat
1484 1735 1602 1771 vitiis.
1664 1734 1741 1771 Pro

249 1819 328 1842 vss.
364 1804 526 1842 504—ss
565 1805 605 1840 in
646 1804 678 1840 A
710 1816 809 1840 unus
850 1807 979 1839 extat:
1032 1801 1155 1848 „Nam
1193 1803 1270 1839 iam
1310 1801 1471 1839 domum
1508 1801 1572 1838 ibo
1612 1806 1741 1852 atque,

250 1878 294 1910 ut
327 1872 522 1909 mendicet
552 1884 660 1908 meus
691 1869 844 1920 pater²‘,
885 1870 989 1919 quod
1018 1873 1055 1908 si
1087 1872 1172 1919 quis
1203 1871 1258 1906 ita
1288 1869 1451 1919 probat,
1491 1874 1535 1906 ut
1565 1871 1605 1906 111
1637 1872 1744 1908 exitu

249 1954 385 1978 versus
409 1941 626 1977 orationem
650 1942 916 1987 interruptam
940 1942 1064 1987 putet,
1090 1952 1231 1988 parum
1255 1939 1425 1983 iuvatur,
1458 1951 1550 1974 nam
1572 1938 1744 1986 intelligi

250 2022 329 2046 non
366 2012 517 2058 potest,
559 2007 655 2057 quid
694 2020 752 2052 se,
794 2007 856 2043 vel
889 2009 921 2043 si
953 2011 1068 2055 pater
1098 2006 1393 2043 mendicaturus
1426 2006 1496 2051 sit,
1545 2005 1742 2043 facturum

253 2090 337 2114 esse
363 2077 479 2113 dicat.
526 2076 638 2112 Mero
663 2088 795 2112 errore
821 2075 898 2112 duo
929 2088 1065 2111 versus
1091 2074 1281 2111 excidisse
1307 2073 1501 2120 videntur,
1535 2073 1743 2111 aberrante

252 2145 365 2183 oculo
399 2144 445 2181 ab
481 2140 646 2192 ..atque‘''
683 2143 731 2179 ad
765 2141 955 2192 „usque“.
1025 2142 1065 2180 Si
1106 2146 1236 2179 autem
1278 2146 1430 2179 ceteros
1470 2141 1582 2179 codd.
1616 2143 1744 2191 sequi-

251 2226 350 2259 mur,
383 2211 482 2249 nihil
511 2212 686 2259 ineptius
718 2215 788 2248 est.
837 2210 1040 2256 Quomodo
1064 2210 1308 2247 Mnesilocho
1340 2212 1381 2247 in
1411 2213 1585 2246 mentem
1611 2210 1744 2246 venire

251 2282 384 2332 potuit
414 2278 587 2329 „aliquid
617 2279 723 2327 patri
755 2278 993 2327 surripere‘',
1027 2292 1146 2327 quum
1171 2278 1349 2326 Chrysali
1379 2277 1518 2314 fraude
1549 2280 1625 2314 iam
1650 2278 1745 2315 satis

252 2361 448 2399 superque
479 2345 648 2384 habeat?
710 2346 754 2383 V.
791 2348 867 2385 505
900 2348 977 2383 iam
1009 2346 1248 2384 Ritschelius
1281 2347 1414 2391 eiecit,
1463 2349 1500 2382 et
1530 2345 1741 2393 intelligat,

253 2419 321 2467 qui
351 2418 488 2466 possit.
562 2414 629 2452 VS.
665 2416 741 2452 506
775 2414 989 2451 Lambinus
1023 2416 1121 2463 παρὰ
1154 2414 1374 2462 προσδοκίαν
1407 2413 1588 2462 explicat,
1633 2416 1745 2462 quasi

254 2485 501 2529 adulescens,
549 2496 669 2531 quum
711 2483 888 2519 dicturus
931 2487 1052 2518 esset:
1097 2487 1163 2528 „ut
1203 2482 1410 2527 mendicet,
1451 2494 1501 2518 sc.
1542 2479 1742 2527 Baccl1is“,

254 2554 384 2591 subito
415 2554 564 2589 mutato
599 2551 759 2588 consilio
791 2554 942 2600 patrem
968 2550 1191 2587 subiecerit.
1248 2549 1362 2596 Quod
1392 2549 1559 2586 fortasse
1590 2548 1743 2593 ferrem,

253 2624 287 2660 si
317 2622 380 2659 hic
419 2633 555 2657 versus
593 2624 685 2668 post
724 2620 800 2657 503
841 2623 908 2655 aut
950 2619 1027 2654 502
1060 2618 1269 2667 legeretur.
1331 2617 1408 2655 Sed
1440 2616 1536 2665 quid
1566 2616 1640 2653 hoc
1671 2620 1743 2662 est,

255 2690 358 2740 quod
389 2687 578 2739 proximis
609 2687 785 2724 versibus
812 2699 852 2723 se
877 2685 1142 2735 reprehendit,
1176 2685 1281 2734 quod
1306 2685 1441 2722 futura
1467 2684 1743 2730 enuntiaverit,

256 2771 374 2808 quum
405 2756 504 2793 nihil
536 2757 693 2793 omnino
726 2753 901 2792 dixerit?
963 2754 1040 2790 Aut
1080 2766 1166 2803 quae
1208 2757 1265 2790 est
1297 2754 1374 2790 ista
1406 2753 1446 2788 in
1476 2755 1558 2788 ‘tam
1588 2755 1745 2800 pertur-
