1897 3171
775 204 816 239 V.
842 206 1030 240 594-620.
1565 210 1647 249 417

156 337 320 382 temere,
351 335 650 373 inconsiderate.
712 333 897 371 Codicum
929 336 1054 372 errori
1082 333 1348 385 „propteruo“
1381 333 1503 385 (quod
1528 337 1647 375 etiam

158 401 319 442 Trucul.
352 404 430 440 255
462 404 503 440 in
532 404 567 440 A
599 407 638 440 et
667 402 695 439 C
725 402 889 451 legitur,
930 402 1070 452 Amph.
1105 403 1184 440 830
1224 404 1264 440 in
1295 403 1348 450 D,
1395 418 1513 453 quum
1543 403 1644 442 Rud.

161 470 241 507 414
272 474 438 520 uterque
477 471 598 508 codex
637 483 768 507 veram
807 470 970 508 formam
1001 467 1144 516 servet)
1177 473 1422 520 patrocinari
1454 475 1648 509 conantur

159 537 304 585 Bergk.
336 539 377 575 in
406 539 547 576 Annal.
579 539 715 588 philol.
748 537 815 585 IC,
854 552 893 587 p.
927 539 1006 575 479
1040 541 1079 575 et
1111 537 1226 576 Lowe
1265 540 1305 575 in
1336 539 1421 577 Act.
1454 540 1562 590 Lips.
1594 541 1644 587 ΙΙ,

156 619 197 655 p.
229 606 309 644 468
342 619 419 656 sq.‚
466 607 671 644 Prodrom.
704 606 820 655 gloss.
852 620 891 656 p.
927 607 1025 652 356>
1073 606 1184 654 quasi
1221 619 1356 644 verum
1395 610 1551 656 etymon
1589 609 1645 645 in-

154 673 356 711 venissent
386 674 568 722 glossarii
600 674 778 723 προπετὴς
811 677 1051 711 enarrantes.
1083 693 1140 698 ——
1170 671 1426 723 'iucoglitatus
1456 676 1529 713 hoc
1561 676 1645 713 loco

154 738 321 779 animus
353 741 508 789 dicitur,
541 756 620 780 non
649 742 805 779 factum.
859 742 998 779 Activa
1028 743 1067 779 vi
1100 744 1219 779 etiam
1252 742 1502 792 Lampridius
1534 743 1643 781 Alex.

156 808 288 847 Sever.
324 811 393 847 16:
455 810 581 857 „Dato
622 811 751 860 spatio
791 809 840 846 ad
878 809 1175 859 disquirendum
1207 810 1555 859 cogitandumque,
1598 823 1646 848 ne

156 877 362 927 incogitati
394 878 522 916 dicere
555 876 829 927 cogerentur“.
866 897 914 903 —
949 878 1042 914 612.
1075 873 1352 924 Dtc}·eclibil2'8‚
1381 879 1474 915 item
1508 879 1644 925 active,

153 946 224 994 qui
253 945 353 982 nulli
384 946 542 983 credere
573 946 710 993 audet,
759 945 804 983 cf.
838 944 969 983 Madv.
1003 944 1069 982 Gr.
1103 945 1231 983 Latin.
1269 947 1365 993 185,
1406 950 1501 984 not.v
1524 948 1556 984 1.
1594 966 1642 971 -

157 1014 250 1050 613.
283 1010 562 1052 Maleuolente
593 1011 758 1064 ingenio
789 1013 931 1060 natus,
965 1013 989 1050 i.
1023 1026 1055 1051 e.
1087 1017 1230 1050 natura
1261 1014 1487 1051 malevolus.
1535 1014 1646 1060 Quod

154 1079 363 1129 Meursius,
396 1081 616 1120 Gronovius
647 1082 792 1131 aliique
827 1081 1207 1127 commendaverant,
1245 1080 1424 1131 ..genio“‚
1457 1081 1516 1119 Fi.
1542 1095 1645 1119 rece-

151 1148 226 1198 pit,
260 1149 327 1186 sed
356 1162 429 1187 nec
459 1164 506 1188 ex
535 1151 651 1199 genio
681 1150 857 1186 nascitur
888 1149 1016 1195 homo,
1049 1163 1119 1186 nec
1151 1150 1416 1187 Mnesilochus
1448 1150 1484 1186 h.
1515 1150 1540 1188 l.
1568 1150 1644 1187 for-

151 1219 262 1254 tuam
292 1230 412 1265 suam,
447 1218 515 1255 sed
545 1231 586 1255 se
617 1220 701 1268 ipse
735 1222 902 1255 accusat.
942 1238 997 1242 -—
1036 1215 1145 1266 quod
1185 1215 1274 1255 uolo
1314 1227 1385 1267 690
1419 1228 1506 1255 6886
1538 1214 1644 1264 aliis,

152 1284 177 1321 i.
210 1297 242 1321 e.
275 1286 380 1334 quod
410 1286 507 1324 mihi
539 1299 622 1323 esse
652 1286 753 1323 nolo.
802 1285 895 1323 Cod.
923 1285 968 1323 D.
996 1288 1035 1322 et
1066 1286 1156 1323 inde
1188 1286 1219 1323 Β
1252 1299 1326 1323 sec.
1355 1299 1456 1323 man.
1486 1282 1643 1332 „nolo“,

148 1351 258 1401 quod
291 1353 322 1389 si
351 1366 488 1391 verum
520 1357 635 1401 esset,
668 1352 927 1402 significaret:
968 1357 1122 1390 tant-um
1154 1353 1310 1401 malum,
1345 1354 1448 1403 quod
1479 1366 1526 1390 ne
1558 1354 1644 1390 aliis

151 1419 311 1469 quidem
342 1425 480 1471 optare
511 1422 658 1468 ausim;
707 1420 811 1471 quod
853 1427 892 1458 et
931 1421 1132 1458 obscurius
1174 1420 1321 1458 dictum
1361 1426 1463 1459 esset
1493 1435 1563 1459 nec
1595 1421 1646 1459 ad

151 1487 284 1525 Plauti
313 1502 452 1528 mores.
485 1509 541 1515 --
573 1490 652 1527 614
684 1503 742 1539 sq.
774 1489 937 1527 Numeri
967 1489 1008 1526 hi
1040 1492 1131 1526 sunt

153 1573 1084 1586 v—vV——vv———v--—.

153 1693 246 1730 616.
292 1691 400 1730 Duos
439 1692 619 1730 bacchios
652 1694 850 1742 excipiunt
880 1698 962 1730 tres
992 1693 1165 1730 trochaei.
1227 1693 1286 1730 Fl.
1320 1696 1363 1730 ut
1393 1692 1646 1730 bacchiacum

150 1763 420 1797 tetrametrum
452 1761 609 1807 faceret,
642 1762 906 1810 transposuit:
944 1760 1112 1807 „habere
1145 1761 1327 1810 aequiust
1358 1759 1459 1798 me“.
1510 1760 1642 1798 Herm.

151 1832 191 1866 et
230 1828 396 1869 Ritsch..
419 1842 466 1866 ex
506 1828 635 1866 dubiis
676 1828 818 1866 codicis
856 1828 886 1865 B
933 1829 1133 1877 vestigiis:
1191 1826 1461 1877 ‚‚aequomst“‚
1502 1830 1643 1866 omisso

151 1893 344 1946 „magis“‚
378 1897 483 1946 quod
513 1897 686 1947 vulgaris
719 1909 846 1933 sermo
878 1895 1077 1932 interdum
1108 1896 1299 1943 faciebat,
1332 1910 1366 1934 v,
1399 1896 1504 1934 Men.
1539 1898 1641 1934 713:

150 1977 257 2013 „non
287 1966 419 2014 patiar
458 1965 711 2013 praeterhac,
761 1964 864 2010 Quin
894 1963 1016 2000 uidua
1047 1965 1193 2012 uiuam,
1234 1977 1349 2013 quam
1387 1968 1476 2001 tuos
1515 1977 1643 2001 mores

149 2033 388 2083 perferam“.
456 2032 557 2070 Rud.
601 2032 701 2070 684:
760 2031 984 2078 „Certumst
1029 2032 1163 2068 moriri
1210 2045 1322 2081 quam
1370 2032 1471 2068 hunc
1517 2029 1642 2082 pati“.

147 2099 245 2138 Sall.
277 2099 393 2138 Catil.
427 2102 463 2148 9,
499 2102 540 2137 5:
592 2098 816 2148 „beneficiis
857 2112 974 2149 quam
1014 2103 1120 2136 metu
1159 2100 1367 2149 imperium
1398 2096 1643 2148 agitabant“.

150 2168 274 2205 Tacit.
294 2168 396 2206 Ann.
421 2169 451 2215 I,
481 2170 551 2206 58:
590 2180 749 2218 „pacem
775 2181 890 2217 quam
918 2167 1064 2204 bellum
1090 2165 1348 2217 probabam“.
1375 2167 1423 2205 al.
1471 2168 1505 2204 A
1529 2167 1643 2205 Livio

148 2235 249 2273 hanc
284 2236 486 2273 licentiam
525 2235 727 2273 abiudicat
764 2235 990 2283 Madvigius
1022 2235 1187 2273 Emend.
1220 2235 1305 2274 Liv.
1338 2249 1376 2285 p.
1419 2237 1491 2282 803
1539 2235 1644 2284 apud

149 2302 306 2342 Graecos
337 2308 375 2341 et
406 2305 446 2341 in
475 2304 647 2353 βούλομαι
677 2304 862 2352 frequens
894 2307 952 2341 est
983 2306 1021 2341 et
1052 2304 1229 2354 alioquin
1259 2317 1337 2341 non
1368 2302 1564 2347 inaudita,
1606 2316 1641 2339 v.

149 2371 340 2410 Herodot.
373 2372 441 2419 IX,
477 2373 545 2409 26:
579 2373 668 2409 οὕτω
701 2365 746 2407 ὦν
776 2372 910 2407 δίκαιον
941 2372 1047 2420 4ἷ-«μεάς
1079 2372 1172 2418 ἔχειν
1202 2373 1242 2408 τὸ
1274 2371 1390 2420 ἕτερον
1421 2372 1521 2420 κέρας
1555 2370 1641 2419 ἥπερ

146 2439 365 2486 Ἀθηναίους.
425 2440 611 2477 Philostr.
645 2439 720 2477 Vit.
754 2439 872 2489 Soph.
905 2439 962 2487 ῙΙ,
1006 2441 1040 2486 1,
1077 2441 1119 2487 6,
1152 2454 1189 2490 p.
1226 2441 1323 2476 552:
1372 2439 1468 2474 δοκεῖ
1504 2453 1565 2486 μοι
1603 2439 1642 2473 τὸ

151 2509 253 2557 ρῆξαι
273 2510 334 2546 τὸν
354 2509 509 2557 Ἰσθμὸν
538 2508 763 2549 Ποσειδᾶνος
795 2508 944 2544 δεῖσθαι
976 2509 994 2553 ’ὴ
1027 2508 1165 2558 ἀνδρὸς.
1200 2528 1254 2532 -
1287 2508 1378 2544 617.
1411 2509 1642 2542 tetrameter

149 2576 392 2615 bacchiacus.
453 2573 590 2625 mayis
621 2575 755 2623 codd.;
793 2573 984 2624 „magist“
1021 2576 1066 2613 R.
1099 2575 1172 2622 FL,
1206 2574 1272 2612 sed
1304 2573 1383 2611 vid.
1416 2572 1465 2610 ad
1496 2572 1640 2622 Amph.

152 2645 246 2682 590.
286 2665 340 2670 —
380 2645 458 2683 618
499 2647 653 2682 constat
691 2658 738 2681 ex
769 2644 1077 2694 penthemimere
1116 2642 1313 2680 trochaico
1353 2640 1412 2677 bis
1452 2640 1638 2690 repetito.

147 2731 206 2737 —
237 2713 315 2750 619
349 2713 516 2750 dimeter
547 2713 712 2750 creticus
750 2725 836 2750 cum
876 2711 1184 2761 penthemimere
1226 2708 1439 2746 trochaico.
1471 2727 1527 2732 ·-—
1559 2708 1638 2745 620

148 2780 331 2817 trimeter
357 2781 536 2818 creticus.
584 2790 725 2819 amens
749 2780 881 2818 Herm.
901 2778 1134 2816 emendavit.
1166 2796 1222 2803 —-
1254 2777 1330 2814 621
1352 2779 1393 2813 et
1417 2776 1467 2812 22
1499 2775 1642 2813 horum

1326 2851 1370 2884 27
