1854 3188
236 199 289 237 84
918 196 1039 231 Plauti
1313 196 1357 238 ΙΙ,
1372 198 1401 235 3,
1421 198 1483 230 120
1496 215 1540 221 -
1552 196 1618 241 ΙΙΙ,
1636 200 1664 240 1,
1681 200 1720 232 11

237 320 375 362 Senex
404 321 449 361 in
479 320 697 374 Ephesum
727 321 808 363 ibit
839 335 992 363 aurum
1024 336 1265 372 arcessere;

235 391 317 432 Hic
347 396 500 434 nostra
531 396 683 445 agetur
713 396 834 435 aetas
866 394 909 434 in
940 393 1157 434 malacum
1188 392 1374 444 modum,

237 463 280 505 Si
311 463 485 516 quidem
514 463 585 505 hic
616 463 832 518 relinquet
862 478 1001 517 neque
1032 478 1177 506 secum
1207 464 1393 505 abducet
1425 478 1553 506 senex

234 534 335 576 Med
365 538 408 576 et
437 534 763 578 Mnesilochum.
825 535 940 585 Quas
972 550 1052 589 ego
1082 535 1151 577 hic
1182 535 1334 577 turbas
1367 536 1496 578 dabo!

236 605 320 648 Sed
352 606 457 660 quid
487 606 737 659 futurumst,
770 622 900 660 quom
930 608 1012 649 hoc
1046 621 1176 650 senex
1207 609 1464 650 resciuerit?
1659 622 1726 654 355

236 677 376 727 Quom
406 692 450 720 se
482 679 778 721 excucurrisse
808 679 913 721 illuc
943 679 1105 721 frustra
1137 680 1312 721 sciuerit

233 749 407 803 Nosque
438 764 593 792 aurum
623 751 798 802 abusos,
830 751 933 804 quid
965 750 1069 792 mihi
1099 751 1173 792 fiet
1204 755 1382 804 postea?

237 819 374 863 Credo
406 821 563 874 hercle,
596 823 834 864 adueniens
866 836 1021 864 nomen
1052 823 1239 864 mutabit
1271 824 1375 864 mihi

234 891 469 946 Facietque
502 895 715 947 extemplo
749 893 1019 935 Crucisalum
1049 908 1116 935 me
1149 908 1199 935 ex
1232 893 1454 949 Chrysalo.

234 963 452 1018 Aufugero
484 965 641 1016 hercle,
673 966 708 1006 si
741 967 879 1019 magis
910 980 1015 1007 usus
1047 967 1227 1007 uenerit.
1273 1014 1276 1017 .
1662 981 1728 1013 360

235 1034 279 1076 si
310 1049 382 1077 ero
413 1036 714 1090 reprehensus,
746 1041 888 1079 macto
921 1052 1000 1091 ego
1031 1038 1153 1079 illum
1183 1039 1430 1080 infortunio.

237 1106 281 1148 Si
313 1106 376 1148 illi
409 1112 509 1149 sunt
539 1109 688 1162 uirgae
718 1110 821 1160 ruri,
855 1114 900 1151 at
930 1109 1034 1151 mihi
1065 1115 1236 1162 tergum
1268 1111 1436 1152 domist.

237 1177 378 1231 [Nunc
410 1179 502 1231 ibo;
535 1181 629 1222 erili
660 1181 749 1223 filio
780 1182 871 1223 cius
902 1181 1012 1223 hanc
1042 1181 1254 1224 fabricam
1286 1182 1398 1224 dabo

235 1250 374 1304 Super
403 1265 507 1293 auro
540 1253 766 1306 amicaque
799 1254 889 1295 eius
920 1254 1099 1295 inuenta
1130 1253 1380 1308 Bacchide]

764 1585 948 1627 LYDUS
981 1586 1210 1628 SERUOS.

232 1685 414 1727 Pandite
437 1690 566 1739 atque
583 1687 750 1740 aperite
767 1702 951 1741 propere
967 1688 1141 1729 ianuam
1158 1688 1267 1729 hanc
1285 1689 1396 1739 Orci,
1429 1689 1631 1740 obsecro;
1665 1701 1731 1734 365

234 1756 345 1799 Nam
391 1758 590 1811 equidem
635 1759 754 1801 haud
792 1759 919 1801 aliter
957 1773 1050 1801 esse
1090 1760 1223 1811 duco3
1273 1761 1433 1815 quippe
1480 1775 1565 1813 quo
1605 1775 1730 1802 nemo

1196 1832 1384 1883 aduenit,

233 1899 326 1941 Nisi
357 1915 484 1954 quem
514 1916 614 1956 spes
646 1903 860 1956 reliquere
892 1917 1051 1954 omnes,
1085 1918 1176 1945 esse
1207 1910 1255 1945 ut
1286 1904 1397 1957 frugi
1428 1905 1609 1958 possiet.

234 1971 472 2014 Bacchides
506 1988 591 2015 non
621 1974 860 2016 Bacchides
893 1975 967 2016 sed
998 1975 1188 2017 bacchae
1220 1980 1320 2016 sunt
1351 1989 1617 2018 acerrumae.

238 2043 385 2098 Apage
423 2045 531 2087 istas
568 2060 594 2087 a
632 2060 700 2087 me
750 2060 940 2097 sorores,
988 2061 1098 2101 quae
1143 2047 1364 2089 hominum
1410 2047 1587 2089 sorbent
1633 2062 1727 2089 san-

1192 2120 1378 2173 guinem.

239 2185 386 2228 Omnis
406 2188 462 2229 ad
479 2189 715 2242 perniciem
734 2190 945 2232 instructa
967 2190 1120 2232 domus
1137 2191 1278 2244 opime
1296 2196 1425 2245 atque
1444 2191 1634 2245 opipare.
1662 2202 1728 2234 370

239 2257 358 2308 Quae
389 2264 437 2300 ut
467 2259 657 2315 adspexi,
689 2276 755 2303 me
789 2263 992 2304 continuo
1025 2262 1187 2304 contuli
1218 2263 1436 2316 protinam
1466 2263 1510 2303 in
1542 2261 1685 2316 pedes.

238 2329 386 2383 Egone
406 2335 454 2373 ut
470 2331 577 2375 haec
596 2333 801 2376 conclusa
817 2339 983 2387 gestem
1008 2334 1280 2376 clanculum?
1311 2340 1360 2376 ut
1386 2334 1522 2376 celem
1545 2338 1727 2388 patrem,

236 2401 481 2454 Pistoclere,
512 2408 590 2446 tua
620 2404 786 2459 flagitia
817 2410 894 2447 aut
926 2405 1084 2448 damna
1115 2411 1191 2448 aut
1222 2405 1508 2456 desidiabula,

240 2473 403 2523 Quibus
434 2479 603 2529 patrem
633 2482 675 2517 et
700 2491 767 2518 me
798 2481 928 2531 teque
959 2478 1209 2532 amicosque
1240 2478 1379 2520 omnis
1411 2475 1605 2519 adfectas
1631 2480 1729 2519 tuos

237 2545 303 2587 Ad
320 2546 539 2600 probrum,
560 2547 777 2599 damnum,
797 2548 1010 2603 flagitium
1027 2549 1248 2603 adpellere
1265 2563 1353 2591 una
1368 2553 1411 2591 et
1427 2548 1638 2602 perdere?
1664 2559 1729 2592 375

330 2717 393 2750 351
421 2727 590 2752 arcesere
727 2719 793 2753 352
824 2718 1007 2753 malaeum
1034 2718 1063 2753 C
1203 2720 1269 2753 366
1300 2718 1411 2762 quipe
1437 2717 1501 2761 qui
1523 2717 1567 2756 Β,
1594 2717 1729 2760 quippe

239 2771 301 2813 qui
328 2770 357 2806 C
448 2774 514 2807 367
537 2775 745 2819 relinquere
772 2774 801 2810 C
916 2777 982 2809 370
1006 2774 1216 2819 permitiem
1239 2773 1275 2809 B
1369 2775 1437 2808 374
1462 2772 1629 2808 adflictas
