1897 3171
780 210 820 243 V.
847 211 991 244 50—87.
1546 219 1626 257 465

134 352 318 376 versuum
358 338 614 388 discriptione
652 339 886 376 malueram:
939 340 1059 386 „Nam
1101 344 1203 377 certe
1245 342 1285 378 in
1329 345 1512 381 conuiuio
1546 344 1628 381 Sibi

136 410 309 454 amator,
351 406 454 443 talos
487 420 603 457 quom
644 408 760 454 iacit,
808 411 980 445 scortum
1018 405 1223 454 inuocat“;
1270 410 1345 446 iam
1378 410 1636 460 Seyffert-ium-

135 479 301 522 secutus,
335 475 478 513 Philol.
512 475 666 523 XXIX,
698 488 736 525 p.
772 476 871 522 396,
904 477 1126 525 posteriore
1159 477 1241 514 loco
1272 488 1394 516 suum
1425 480 1625 519 substitui.

135 544 242 581 Fieri
280 547 414 594 potest
450 548 493 581 ut
531 545 710 581 lacunam
749 545 947 581 invenerit
987 543 1193 591 librarius,
1241 560 1328 583 nam
1360 548 1499 585 vitium
1531 549 1566 586 h.
1600 549 1625 586 l.

137 613 376 650 contraxisse
421 612 690 650 membranum
730 616 895 663 apparet
933 626 979 649 ex
1018 614 1198 662 proximo
1244 627 1378 662 versu,
1432 616 1499 653 ubi
1550 618 1627 654 iam

134 682 286 730 antiqui
326 681 414 719 edd.
447 682 632 719 viderunt
671 681 859 719 excidisse
898 680 1059 718 verbum
1106 682 1410 721 substantivum.
1485 684 1628 722 Editur

136 753 263 786 autem
294 750 430 797 vulgo:
483 750 630 796 „Estne
660 751 885 787 invocatum
916 763 964 786 an
996 762 1073 787 non
1106 749 1195 787 est‘?
1256 750 1328 788 Est
1358 752 1626 801 planissime“.

136 817 289 855 Sufficit
319 832 440 855 unum
471 814 571 865 Εςί,
613 820 646 855 si
676 818 827 855 hiatum
858 819 899 854 in
930 831 1076 855 caesura
1108 818 1304 856 admittas.
1337 840 1392 844 ——
1425 822 1488 858 75.
1530 831 1628 859 uero

136 887 214 923 iam
244 890 342 924 antt.
375 887 476 934 edd„
509 888 555 925 cf.
575 887 685 924 Cure.
707 888 799 924 375.
857 883 1043 935 planius,
1077 900 1129 924 sc.
1162 888 1333 925 invocati
1367 887 1544 935 dicimur,
1578 885 1627 926 cf.

137 954 251 992 Truc.
283 956 386 993 168:
439 955 523 1003 „An
555 968 616 992 me
648 958 844 992 mortuum
876 952 1101 992 arbitrare?
1161 957 1206 993 A.
1241 955 1314 1002 Qui
1346 957 1451 1005 potis
1491 957 1628 994 amabo

136 1021 345 1073 planius?“
403 1025 502 1061 625:
549 1023 657 1070 „Quo
681 1027 796 1072 pacto
822 1023 987 1069 excludi,
1015 1037 1172 1073 quaeso,
1197 1025 1303 1074 potis
1329 1028 1389 1061 est
1414 1022 1624 1074 plauius?“

137 1091 231 1129 Cist.
268 1093 360 1130 150.
398 1111 455 1117 -
493 1091 557 1130 77.
612 1089 742 1142 Quasi
772 1103 929 1139 mures,
977 1093 1023 1130 cf.
1057 1092 1162 1130 Pers.
1199 1093 1272 1129 58:
1324 1094 1460 1142 „quasi
1501 1107 1629 1131 mures

138 1156 292 1210 semper
325 1160 441 1197 edere
474 1161 643 1197 alienum
675 1159 842 1198 cibum“.
899 1160 1091 1198 Similiter
1121 1160 1317 1209 Diogenes
1349 1175 1468 1211 quum
1500 1175 1628 1199 mures

136 1241 279 1266 mensae
312 1242 392 1266 suae
423 1229 678 1279 subrepentes
710 1229 895 1276 vidisset,
939 1229 1054 1275 Ecce,
1096 1230 1243 1279 inquit,
1285 1230 1401 1266 etiam
1434 1229 1629 1278 Diogenes

136 1298 333 1347 parasitos
366 1298 445 1344 alit,
479 1311 514 1335 v.
539 1297 653 1345 Diog.
688 1297 819 1334 Laert.
846 1298 909 1344 VI,
945 1298 1009 1335 40.
1046 1318 1099 1323 —-
1131 1299 1195 1335 78.
1238 1293 1317 1337 Ubi
1346 1308 1414 1336 res
1441 1295 1631 1347 prolatae

137 1366 253 1414 sunt,
286 1365 352 1403 ubi
384 1379 446 1403 res
478 1367 558 1403 sive
591 1379 718 1403 causae
750 1366 923 1404 forenses
956 1370 996 1403 et
1028 1366 1232 1404 iudiciales
1266 1367 1305 1403 in
1339 1366 1445 1404 aliud
1476 1371 1630 1417 tempus

136 1435 292 1472 reiectae
324 1438 425 1482 sunt,
460 1435 566 1484 quod
595 1434 714 1472 fiebat
744 1435 807 1471 vel
837 1438 1003 1485 propter
1034 1435 1146 1473 ludos
1179 1439 1217 1472 et
1240 1435 1357 1472 ferias
1382 1435 1444 1472 vel
1469 1438 1631 1485 propter

139 1504 229 1540 anni
259 1506 414 1553 tempus
445 1504 564 1540 nimio
596 1503 725 1540 calore
757 1503 978 1549 molestum,
1014 1517 1132 1553 quum
1157 1503 1325 1541 Romani
1351 1503 1503 1540 nobiles
1535 1503 1631 1540 urbe

137 1572 275 1609 relicta
306 1585 371 1609 rus
409 1571 601 1621 proficisci
640 1571 837 1618 solebant3
885 1572 932 1609 cf.
966 1571 1043 1610 Cic.
1083 1585 1121 1621 p.
1154 1572 1306 1609 Muren.
1345 1573 1405 1619 13,
1441 1572 1506 1609 28.
1569 1571 1629 1608 ad.

139 1640 182 1686 Q.
215 1640 240 1678 f.
273 1639 343 1686 III,
378 1641 413 1687 8,
448 1641 484 1677 4.
549 1640 598 1677 ad
630 1641 750 1677 Attic.
783 1640 865 1686 VII,
904 1641 965 1686 12,
1001 1641 1037 1678 2.
1072 1660 1120 1665 —-
1157 1641 1222 1678 80.
1255 1637 1387 1690 quasi,
1421 1654 1455 1677 v.
1488 1639 1630 1690 Amph.

143 1710 233 1746 159.
280 1705 446 1755 caletur,
479 1709 525 1745 cf.
544 1708 701 1745 Trucul.
722 1710 795 1746 67:
834 1721 975 1757 „quom
1001 1709 1150 1745 caletur
1174 1705 1394 1745 maxume“.
1441 1707 1630 1745 Priscian.

138 1776 242 1823 VIII,
277 1778 341 1823 26,
375 1790 412 1826 p.
449 1778 526 1814 393
559 1777 606 1814 H.
640 1797 694 1802 —
735 1777 798 1813 83.
842 1773 994 1813 occulto
1025 1781 1208 1826 correpta
1238 1777 1377 1826 prima,
1410 1789 1445 1813 v.
1477 1776 1630 1825 Proleg.

137 1858 176 1895 p.
214 1846 304 1882 199.
364 1843 510 1883 miseri
541 1859 627 1882 cum
660 1844 981 1882 antecedentibus
1012 1846 1121 1882 iunxi
1154 1845 1345 1882 suadente
1376 1844 1531 1891 Brixio,
1565 1844 1631 1894 qui

141 1913 293 1951 confert
323 1913 444 1951 Merc.
479 1914 571 1951 794.
634 1913 734 1951 Rud.
771 1915 861 1950 561.
895 1933 950 1938 —
989 1923 1085 1950 suco
1116 1923 1214 1960 3‘2t03
1254 1912 1495 1949 deteriorum
1529 1911 1633 1949 codi-

139 1995 225 2020 cum
256 1982 353 2020 ordo
383 1995 517 2019 versus
549 1995 665 2018 causa
696 1982 966 2031 praeferendus
999 1984 1093 2018 erat.
1125 2001 1179 2005 —-
1214 1981 1278 2018 84.
1319 1980 1481 2027 rurant,
1514 1982 1634 2018 rusti-

138 2053 287 2097 cantur,
321 2051 486 2100 quaesita
519 2050 799 2087 alliteratione.
828 2070 881 2074 —-
908 2051 971 2087 85.
1006 2060 1142 2097 canes,
1174 2049 1278 2098 quod
1310 2050 1350 2085 in
1382 2048 1495 2086 codd.
1528 2049 1635 2086 ultra

138 2132 344 2156 numerum
383 2118 562 2165 additur,
611 2119 763 2168 antiqui
805 2117 893 2155 edd.
932 2131 1005 2167 pro
1044 2119 1399 2167 interpretamento
1441 2117 1633 2165 delerunt,

139 2189 263 2233 recte;
312 2186 371 2225 Fl.
404 2186 468 2223 Br.
511 2188 550 2223 in
588 2188 811 2236 proximum
851 2199 1006 2223 versum
1043 2186 1334 2223 transtulerunt
1373 2185 1504 2222 deleto
1545 2198 1628 2223 voc.

138 2265 217 2293 res.
285 2254 337 2291 Et
381 2256 567 2291 inusitate
608 2255 685 2292 dici
723 2265 791 2292 *res
827 2251 965 2292 ‘redire
1003 2257 1178 2304 apparet,
1219 2253 1286 2290 sed
1324 2254 1541 2303 parasitum
1580 2254 1635 2290 sic

139 2323 250 2373 loqui
294 2323 470 2372 potuisse
514 2336 590 2360 non
636 2323 876 2372 negaverim,
925 2336 996 2360 nec
1026 2322 1213 2360 Bothium
1253 2326 1291 2358 et
1321 2321 1634 2358 Lindemannum

140 2391 265 2441 probo
308 2388 447 2437 „rure“
491 2391 719 2428 scribentes.
821 2385 1010 2429 Venatici
1063 2403 1176 2427 canes
1214 2389 1382 2439 graciles
1421 2392 1460 2425 et
1499 2389 1632 2436 macri,

144 2455 366 2497 Molossici
395 2459 560 2508 pingues
593 2462 632 2495 et
662 2459 788 2506 obesi3
821 2472 911 2496 nam
942 2459 1024 2496 fere
1056 2458 1161 2495 domi
1192 2456 1402 2494 manebant
1433 2459 1472 2493 et
1497 2456 1634 2493 domus

144 2530 212 2564 aut
241 2527 371 2576 gregis
403 2526 670 2564 custodiendae
704 2540 818 2564 causa
849 2526 1068 2564 alebantur.
1100 2545 1154 2551 —-
1195 2527 1259 2563 87.
1302 2524 1466 2561 Odiosos
1506 2528 1545 2561 et
1576 2525 1632 2561 in-

145 2594 369 2633 commodos
400 2596 594 2644 parasitos
627 2594 771 2642 dicens,
808 2595 898 2632 inde
931 2608 1086 2645 quoque
1118 2593 1263 2631 comico
1296 2605 1402 2630 more
1434 2592 1634 2640 gentilicia

144 2664 303 2701 nomina
332 2663 489 2700 format.
522 2682 576 2687 —
617 2664 681 2701 88.
728 2660 813 2710 lew,
859 2662 1058 2712 Calydone
1088 2675 1149 2698 res
1180 2661 1330 2709 agitur,
1370 2660 1438 2697 sed
1468 2660 1633 2697 Plautus

145 2744 182 2769 V.
216 2733 267 2769 90
299 2744 370 2768 suo
409 2744 515 2768 more
554 2731 730 2769 Romana
767 2732 853 2769 loca
892 2731 1088 2768 admiscet.
1132 2749 1185 2754 —
1230 2725 1442 2777 colaphos,
1483 2729 1631 2778 alapas.

146 2799 315 2837 Iniurias
370 2799 675 2838 adolescentium
720 2800 970 2850 gravissimas
1014 2798 1177 2847 parasiti
1221 2809 1326 2846 saepe
1371 2795 1632 2846 patiebantur,

1321 2872 1365 2904 30
