<?xml version="1.0" encoding="UTF-8"?>
<!DOCTYPE html PUBLIC "-//W3C//DTD XHTML 1.0 Transitional//EN"
    "http://www.w3.org/TR/xhtml1/DTD/xhtml1-transitional.dtd">
<html xmlns="http://www.w3.org/1999/xhtml" xml:lang="en" lang="en">
 <head>
  <title>
</title>
<meta http-equiv="Content-Type" content="text/html;charset=utf-8" />
  <meta name='ocr-system' content='tesseract 3.04.00' />
  <meta name='ocr-capabilities' content='ocr_page ocr_carea ocr_par ocr_line ocrx_word'/>
</head>
<body>
  <div class='ocr_page' id='page_1' title='image "./comoediaerecensu02plauuoft_0348.png"; bbox 0 0 1897 3171; ppageno 0'>
   <div class='ocr_carea' id='block_1_1' title="bbox 258 200 1102 245">
    <p class='ocr_par' dir='ltr' id='par_1_1' title="bbox 258 200 1102 245">
     <span class='ocr_line' id='line_1_1' title="bbox 258 200 1102 245; baseline 0 -10"><span class='ocrx_word' id='word_1_1' title='bbox 258 207 338 245; x_wconf 71' lang='lat'><strong>328</strong></span> <span class='ocrx_word' id='word_1_2' title='bbox 899 200 1102 236; x_wconf 85' lang='lat' dir='ltr'><strong>Aulularia.</strong></span> 
     </span>
    </p>
   </div>
   <div class='ocr_carea' id='block_1_2' title="bbox 247 326 1750 2082">
    <p class='ocr_par' dir='ltr' id='par_1_2' title="bbox 247 326 1750 2082">
     <span class='ocr_line' id='line_1_2' title="bbox 252 326 1747 380; baseline -0.002 -11"><span class='ocrx_word' id='word_1_3' title='bbox 252 333 406 379; x_wconf 81' lang='lat' dir='ltr'><strong>mittat,</strong></span> <span class='ocrx_word' id='word_1_4' title='bbox 447 335 579 368; x_wconf 87' lang='lat' dir='ltr'><strong>tamen</strong></span> <span class='ocrx_word' id='word_1_5' title='bbox 616 344 832 380; x_wconf 86' lang='lat' dir='ltr'><strong>numquam</strong></span> <span class='ocrx_word' id='word_1_6' title='bbox 878 331 973 368; x_wconf 85' lang='lat' dir='ltr'><strong>satis</strong></span> <span class='ocrx_word' id='word_1_7' title='bbox 1011 331 1141 368; x_wconf 84' lang='lat' dir='ltr'><strong>laxam</strong></span> <span class='ocrx_word' id='word_1_8' title='bbox 1178 330 1227 367; x_wconf 92' lang='lat' dir='ltr'><strong>iis</strong></span> <span class='ocrx_word' id='word_1_9' title='bbox 1265 329 1412 376; x_wconf 87' lang='lat' dir='ltr'><strong>videri,</strong></span> <span class='ocrx_word' id='word_1_10' title='bbox 1459 342 1537 366; x_wconf 91' lang='lat' dir='ltr'><strong>non</strong></span> <span class='ocrx_word' id='word_1_11' title='bbox 1566 326 1747 376; x_wconf 77' lang='lat' dir='ltr'><strong>modum,</strong></span> 
     </span>
     <span class='ocr_line' id='line_1_3' title="bbox 253 397 1748 447; baseline -0.003 -10"><span class='ocrx_word' id='word_1_12' title='bbox 253 400 322 437; x_wconf 88' lang='lat' dir='ltr'><strong>sed</strong></span> <span class='ocrx_word' id='word_1_13' title='bbox 354 399 560 438; x_wconf 81' lang='lat' dir='ltr'>libidinem</span> <span class='ocrx_word' id='word_1_14' title='bbox 593 411 727 435; x_wconf 89' lang='lat' dir='ltr'><strong>eorum</strong></span> <span class='ocrx_word' id='word_1_15' title='bbox 756 398 820 435; x_wconf 81' lang='lat' dir='ltr'><strong>lex</strong></span> <span class='ocrx_word' id='word_1_16' title='bbox 851 398 1017 436; x_wconf 86' lang='lat' dir='ltr'><strong>dicenda</strong></span> <span class='ocrx_word' id='word_1_17' title='bbox 1049 402 1133 435; x_wconf 86' lang='lat' dir='ltr'><strong>erat</strong></span> <span class='ocrx_word' id='word_1_18' title='bbox 1173 407 1316 445; x_wconf 77' lang='lat' dir='ltr'><em>capere</em></span> <span class='ocrx_word' id='word_1_19' title='bbox 1354 409 1432 434; x_wconf 87' lang='lat' dir='ltr'><strong>non</strong></span> <span class='ocrx_word' id='word_1_20' title='bbox 1468 410 1602 447; x_wconf 81' lang='lat' dir='ltr'><strong>posse3</strong></span> <span class='ocrx_word' id='word_1_21' title='bbox 1648 397 1748 446; x_wconf 83' lang='lat' dir='ltr'><strong>legis</strong></span> 
     </span>
     <span class='ocr_line' id='line_1_4' title="bbox 253 464 1747 515; baseline -0.003 -9"><span class='ocrx_word' id='word_1_22' title='bbox 253 472 357 506; x_wconf 89' lang='lat' dir='ltr'><strong>esset</strong></span> <span class='ocrx_word' id='word_1_23' title='bbox 400 467 582 513; x_wconf 78' lang='lat' dir='ltr'><strong>„modum</strong></span> <span class='ocrx_word' id='word_1_24' title='bbox 613 466 809 504; x_wconf 78' lang='lat' dir='ltr'><strong>statuere“</strong></span> <span class='ocrx_word' id='word_1_25' title='bbox 852 466 1074 515; x_wconf 77' lang='lat' dir='ltr'><strong>cupiditati.</strong></span> <span class='ocrx_word' id='word_1_26' title='bbox 1149 465 1280 502; x_wconf 85' lang='lat' dir='ltr'><strong>Etiam</strong></span> <span class='ocrx_word' id='word_1_27' title='bbox 1310 465 1427 503; x_wconf 70' lang='lat' dir='ltr'><strong>sutor</strong></span> <span class='ocrx_word' id='word_1_28' title='bbox 1466 464 1627 502; x_wconf 90' lang='lat' dir='ltr'><strong>dubium</strong></span> <span class='ocrx_word' id='word_1_29' title='bbox 1673 468 1747 512; x_wconf 78' lang='lat' dir='ltr'><strong>est,</strong></span> 
     </span>
     <span class='ocr_line' id='line_1_5' title="bbox 252 533 1746 587; baseline -0.003 -14"><span class='ocrx_word' id='word_1_30' title='bbox 252 539 294 574; x_wconf 86' lang='lat' dir='ltr'><strong>in</strong></span> <span class='ocrx_word' id='word_1_31' title='bbox 335 549 410 585; x_wconf 85' lang='lat' dir='ltr'><strong>qua</strong></span> <span class='ocrx_word' id='word_1_32' title='bbox 449 536 644 584; x_wconf 82' lang='lat' dir='ltr'><strong>scriptura</strong></span> <span class='ocrx_word' id='word_1_33' title='bbox 664 533 708 587; x_wconf 28' lang='lat' dir='ltr'><strong>,D</strong></span> <span class='ocrx_word' id='word_1_34' title='bbox 741 538 780 571; x_wconf 85' lang='lat' dir='ltr'><strong>et</strong></span> <span class='ocrx_word' id='word_1_35' title='bbox 809 534 828 571; x_wconf 99' lang='grc' dir='ltr'>Ι</span> <span class='ocrx_word' id='word_1_36' title='bbox 859 548 944 572; x_wconf 88' lang='lat' dir='ltr'><strong>cum</strong></span> <span class='ocrx_word' id='word_1_37' title='bbox 975 534 1005 571; x_wconf 94' lang='lat' dir='ltr'>B</span> <span class='ocrx_word' id='word_1_38' title='bbox 1038 534 1305 579; x_wconf 88' lang='lat' dir='ltr'><strong>consentiunt,</strong></span> <span class='ocrx_word' id='word_1_39' title='bbox 1337 546 1408 570; x_wconf 89' lang='lat' dir='ltr'><strong>nec</strong></span> <span class='ocrx_word' id='word_1_40' title='bbox 1438 536 1572 570; x_wconf 87' lang='lat' dir='ltr'><strong>tamen</strong></span> <span class='ocrx_word' id='word_1_41' title='bbox 1601 533 1746 579; x_wconf 81' lang='lat' dir='ltr'><strong>verius,</strong></span> 
     </span>
     <span class='ocr_line' id='line_1_6' title="bbox 253 601 1747 653; baseline -0.002 -13"><span class='ocrx_word' id='word_1_42' title='bbox 253 603 357 653; x_wconf 88' lang='lat' dir='ltr'><strong>quod</strong></span> <span class='ocrx_word' id='word_1_43' title='bbox 397 603 550 652; x_wconf 84' lang='lat' dir='ltr'><strong>ant-iqui</strong></span> <span class='ocrx_word' id='word_1_44' title='bbox 581 602 669 640; x_wconf 90' lang='lat' dir='ltr'><strong>edd.</strong></span> <span class='ocrx_word' id='word_1_45' title='bbox 703 606 742 639; x_wconf 91' lang='lat' dir='ltr'><strong>et</strong></span> <span class='ocrx_word' id='word_1_46' title='bbox 773 602 1012 639; x_wconf 81' lang='lat' dir='ltr'><strong>deteriorum</strong></span> <span class='ocrx_word' id='word_1_47' title='bbox 1052 601 1228 639; x_wconf 87' lang='lat' dir='ltr'><strong>codicum</strong></span> <span class='ocrx_word' id='word_1_48' title='bbox 1258 601 1410 638; x_wconf 83' lang='lat' dir='ltr'><strong>librarii</strong></span> <span class='ocrx_word' id='word_1_49' title='bbox 1442 601 1747 647; x_wconf 72' lang='lat' dir='ltr'><strong>substituerunt,</strong></span> 
     </span>
     <span class='ocr_line' id='line_1_7' title="bbox 257 667 1747 721; baseline -0.003 -12"><span class='ocrx_word' id='word_1_50' title='bbox 257 670 431 719; x_wconf 82' lang='lat' dir='ltr'><strong>„tutor“,</strong></span> <span class='ocrx_word' id='word_1_51' title='bbox 466 672 652 721; x_wconf 85' lang='lat' dir='ltr'><strong>quoniam</strong></span> <span class='ocrx_word' id='word_1_52' title='bbox 682 684 762 708; x_wconf 86' lang='lat' dir='ltr'><strong>non</strong></span> <span class='ocrx_word' id='word_1_53' title='bbox 786 670 834 707; x_wconf 90' lang='lat' dir='ltr'><strong>de</strong></span> <span class='ocrx_word' id='word_1_54' title='bbox 859 670 965 707; x_wconf 88' lang='lat' dir='ltr'><strong>orbis</strong></span> <span class='ocrx_word' id='word_1_55' title='bbox 990 674 1057 707; x_wconf 86' lang='lat' dir='ltr'><strong>aut</strong></span> <span class='ocrx_word' id='word_1_56' title='bbox 1083 670 1248 720; x_wconf 87' lang='lat' dir='ltr'><strong>pupillis</strong></span> <span class='ocrx_word' id='word_1_57' title='bbox 1281 682 1406 707; x_wconf 87' lang='lat' dir='ltr'><strong>sermo</strong></span> <span class='ocrx_word' id='word_1_58' title='bbox 1431 673 1500 715; x_wconf 82' lang='lat' dir='ltr'><strong>est,</strong></span> <span class='ocrx_word' id='word_1_59' title='bbox 1534 672 1614 715; x_wconf 86' lang='lat' dir='ltr'><strong>aut,</strong></span> <span class='ocrx_word' id='word_1_60' title='bbox 1639 667 1747 717; x_wconf 91' lang='lat' dir='ltr'><strong>quod</strong></span> 
     </span>
     <span class='ocr_line' id='line_1_8' title="bbox 251 735 1750 789; baseline -0.002 -13"><span class='ocrx_word' id='word_1_61' title='bbox 251 739 418 777; x_wconf 58' lang='lat' dir='ltr'><strong>WVolfius</strong></span> <span class='ocrx_word' id='word_1_62' title='bbox 448 741 669 789; x_wconf 81' lang='lat' dir='ltr'><strong>proposuit,</strong></span> <span class='ocrx_word' id='word_1_63' title='bbox 721 735 914 789; x_wconf 82' lang='lat' dir='ltr'><strong>„pudor“.</strong></span> <span class='ocrx_word' id='word_1_64' title='bbox 984 737 1124 775; x_wconf 88' lang='lat' dir='ltr'><strong>Sensui</strong></span> <span class='ocrx_word' id='word_1_65' title='bbox 1169 739 1415 775; x_wconf 84' lang='lat' dir='ltr'><strong>conveniret:</strong></span> <span class='ocrx_word' id='word_1_66' title='bbox 1475 736 1638 786; x_wconf 81' lang='lat' dir='ltr'><strong>„Neque</strong></span> <span class='ocrx_word' id='word_1_67' title='bbox 1683 736 1750 773; x_wconf 78' lang='lat' dir='ltr'><strong>lex</strong></span> 
     </span>
     <span class='ocr_line' id='line_1_9' title="bbox 252 800 1747 857; baseline -0.003 -12"><span class='ocrx_word' id='word_1_68' title='bbox 252 821 377 857; x_wconf 85' lang='lat' dir='ltr'><strong>neque</strong></span> <span class='ocrx_word' id='word_1_69' title='bbox 405 820 544 844; x_wconf 89' lang='lat' dir='ltr'><strong>censor</strong></span> <span class='ocrx_word' id='word_1_70' title='bbox 566 807 693 844; x_wconf 85' lang='lat' dir='ltr'><strong>faeere</strong></span> <span class='ocrx_word' id='word_1_71' title='bbox 718 811 776 844; x_wconf 86' lang='lat' dir='ltr'><strong>est</strong></span> <span class='ocrx_word' id='word_1_72' title='bbox 793 808 860 856; x_wconf 91' lang='lat' dir='ltr'><strong>qui</strong></span> <span class='ocrx_word' id='word_1_73' title='bbox 877 807 1005 855; x_wconf 83' lang='lat' dir='ltr'><strong>possit</strong></span> <span class='ocrx_word' id='word_1_74' title='bbox 1022 804 1223 843; x_wconf 78' lang='lat' dir='ltr'><strong>modum“.</strong></span> <span class='ocrx_word' id='word_1_75' title='bbox 1272 800 1425 852; x_wconf 59' lang='lat' dir='ltr'><strong>Subori,</strong></span> <span class='ocrx_word' id='word_1_76' title='bbox 1452 806 1485 842; x_wconf 85' lang='lat' dir='ltr'><strong>si</strong></span> <span class='ocrx_word' id='word_1_77' title='bbox 1510 805 1585 842; x_wconf 88' lang='lat' dir='ltr'><strong>hoc</strong></span> <span class='ocrx_word' id='word_1_78' title='bbox 1608 817 1747 842; x_wconf 82' lang='lat' dir='ltr'><strong>verum</strong></span> 
     </span>
     <span class='ocr_line' id='line_1_10' title="bbox 252 870 1749 925; baseline -0.002 -12"><span class='ocrx_word' id='word_1_79' title='bbox 252 880 322 923; x_wconf 79' lang='lat' dir='ltr'><strong>est,</strong></span> <span class='ocrx_word' id='word_1_80' title='bbox 354 889 432 913; x_wconf 88' lang='lat' dir='ltr'><strong>non</strong></span> <span class='ocrx_word' id='word_1_81' title='bbox 456 876 519 912; x_wconf 81' lang='lat' dir='ltr'><strong>lex</strong></span> <span class='ocrx_word' id='word_1_82' title='bbox 544 875 613 912; x_wconf 89' lang='lat' dir='ltr'><strong>sed</strong></span> <span class='ocrx_word' id='word_1_83' title='bbox 629 889 698 912; x_wconf 88' lang='lat' dir='ltr'><strong>rex</strong></span> <span class='ocrx_word' id='word_1_84' title='bbox 723 875 870 925; x_wconf 90' lang='lat' dir='ltr'><strong>opponi</strong></span> <span class='ocrx_word' id='word_1_85' title='bbox 897 874 1046 911; x_wconf 78' lang='lat' dir='ltr'><strong>debuit.</strong></span> <span class='ocrx_word' id='word_1_86' title='bbox 1064 893 1119 898; x_wconf 93' lang='lat'><strong>—</strong></span> <span class='ocrx_word' id='word_1_87' title='bbox 1141 875 1235 911; x_wconf 87' lang='lat'><strong>481.</strong></span> <span class='ocrx_word' id='word_1_88' title='bbox 1263 871 1333 922; x_wconf 76' lang='lat' dir='ltr'><strong>qui</strong></span> <span class='ocrx_word' id='word_1_89' title='bbox 1351 870 1470 920; x_wconf 67' lang='lat' dir='ltr'><strong>dieat,</strong></span> <span class='ocrx_word' id='word_1_90' title='bbox 1499 874 1524 911; x_wconf 88' lang='lat' dir='ltr'><strong>i.</strong></span> <span class='ocrx_word' id='word_1_91' title='bbox 1542 887 1574 911; x_wconf 81' lang='lat' dir='ltr'><strong>e.</strong></span> <span class='ocrx_word' id='word_1_92' title='bbox 1603 873 1636 910; x_wconf 89' lang='lat' dir='ltr'><strong>si</strong></span> <span class='ocrx_word' id='word_1_93' title='bbox 1660 874 1749 922; x_wconf 91' lang='lat' dir='ltr'><strong>quis</strong></span> 
     </span>
     <span class='ocr_line' id='line_1_11' title="bbox 252 940 1748 992; baseline -0.003 -11"><span class='ocrx_word' id='word_1_94' title='bbox 252 944 367 991; x_wconf 74' lang='lat' dir='ltr'><strong>dicat,</strong></span> <span class='ocrx_word' id='word_1_95' title='bbox 402 944 447 982; x_wconf 85' lang='lat' dir='ltr'><strong>cf.</strong></span> <span class='ocrx_word' id='word_1_96' title='bbox 474 943 612 981; x_wconf 79' lang='lat' dir='ltr'><strong>Bacch.</strong></span> <span class='ocrx_word' id='word_1_97' title='bbox 640 944 718 980; x_wconf 80' lang='lat'><strong>988</strong></span> <span class='ocrx_word' id='word_1_98' title='bbox 747 956 803 992; x_wconf 88' lang='lat' dir='ltr'><strong>sq.</strong></span> <span class='ocrx_word' id='word_1_99' title='bbox 851 942 971 979; x_wconf 84' lang='lat' dir='ltr'><strong>Poen.</strong></span> <span class='ocrx_word' id='word_1_100' title='bbox 1000 944 1102 979; x_wconf 84' lang='lat'><strong>877:</strong></span> <span class='ocrx_word' id='word_1_101' title='bbox 1140 943 1232 990; x_wconf 73' lang='lat' dir='ltr'><strong>„qui</strong></span> <span class='ocrx_word' id='word_1_102' title='bbox 1263 955 1349 978; x_wconf 92' lang='lat' dir='ltr'><strong>eum</strong></span> <span class='ocrx_word' id='word_1_103' title='bbox 1373 942 1491 988; x_wconf 86' lang='lat' dir='ltr'><strong>norit,</strong></span> <span class='ocrx_word' id='word_1_104' title='bbox 1525 942 1602 978; x_wconf 87' lang='lat' dir='ltr'><strong>cito</strong></span> <span class='ocrx_word' id='word_1_105' title='bbox 1627 940 1748 978; x_wconf 88' lang='lat' dir='ltr'><strong>homo</strong></span> 
     </span>
     <span class='ocr_line' id='line_1_12' title="bbox 252 1007 1745 1062; baseline -0.003 -13"><span class='ocrx_word' id='word_1_106' title='bbox 252 1013 430 1062; x_wconf 87' lang='lat' dir='ltr'><strong>peruorti</strong></span> <span class='ocrx_word' id='word_1_107' title='bbox 455 1010 626 1062; x_wconf 77' lang='lat' dir='ltr'><strong>potest‘·.</strong></span> <span class='ocrx_word' id='word_1_108' title='bbox 646 1031 699 1036; x_wconf 85' lang='lat'>—</span> <span class='ocrx_word' id='word_1_109' title='bbox 725 1012 805 1049; x_wconf 85' lang='lat'><strong>482</strong></span> <span class='ocrx_word' id='word_1_110' title='bbox 833 1024 905 1047; x_wconf 89' lang='lat' dir='ltr'><strong>em.</strong></span> <span class='ocrx_word' id='word_1_111' title='bbox 925 1010 984 1046; x_wconf 89' lang='lat' dir='ltr'><strong>ed.</strong></span> <span class='ocrx_word' id='word_1_112' title='bbox 1002 1023 1061 1059; x_wconf 90' lang='lat' dir='ltr'><strong>pr.</strong></span> <span class='ocrx_word' id='word_1_113' title='bbox 1079 1029 1134 1034; x_wconf 96' lang='lat'><strong>—</strong></span> <span class='ocrx_word' id='word_1_114' title='bbox 1147 1007 1332 1058; x_wconf 72' lang='lat' dir='ltr'><strong>ponitur,</strong></span> <span class='ocrx_word' id='word_1_115' title='bbox 1358 1010 1383 1047; x_wconf 90' lang='lat' dir='ltr'><strong>i.</strong></span> <span class='ocrx_word' id='word_1_116' title='bbox 1402 1023 1433 1046; x_wconf 92' lang='lat' dir='ltr'><strong>e.</strong></span> <span class='ocrx_word' id='word_1_117' title='bbox 1452 1009 1652 1054; x_wconf 82' lang='lat' dir='ltr'><strong>statuitur,</strong></span> <span class='ocrx_word' id='word_1_118' title='bbox 1680 1008 1745 1045; x_wconf 82' lang='lat' dir='ltr'><strong>lex</strong></span> 
     </span>
     <span class='ocr_line' id='line_1_13' title="bbox 250 1073 1745 1127; baseline -0.003 -10"><span class='ocrx_word' id='word_1_119' title='bbox 250 1079 422 1117; x_wconf 78' lang='lat' dir='ltr'><strong>iubetur.</strong></span> <span class='ocrx_word' id='word_1_120' title='bbox 443 1099 491 1104; x_wconf 89' lang='lat'>—</span> <span class='ocrx_word' id='word_1_121' title='bbox 519 1081 613 1117; x_wconf 81' lang='lat'><strong>483.</strong></span> <span class='ocrx_word' id='word_1_122' title='bbox 648 1075 810 1116; x_wconf 64' lang='lat' dir='ltr'><strong>labeant</strong></span> <span class='ocrx_word' id='word_1_123' title='bbox 834 1079 876 1115; x_wconf 89' lang='lat' dir='ltr'><strong>B.</strong></span> <span class='ocrx_word' id='word_1_124' title='bbox 903 1092 1005 1115; x_wconf 86' lang='lat' dir='ltr'><strong>man.</strong></span> <span class='ocrx_word' id='word_1_125' title='bbox 1031 1092 1104 1127; x_wconf 86' lang='lat' dir='ltr'><strong>p1·.,</strong></span> <span class='ocrx_word' id='word_1_126' title='bbox 1139 1077 1206 1114; x_wconf 89' lang='lat' dir='ltr'><strong>sed</strong></span> <span class='ocrx_word' id='word_1_127' title='bbox 1237 1077 1328 1114; x_wconf 88' lang='lat' dir='ltr'><strong>inde</strong></span> <span class='ocrx_word' id='word_1_128' title='bbox 1359 1091 1500 1114; x_wconf 86' lang='lat' dir='ltr'><strong>rasura</strong></span> <span class='ocrx_word' id='word_1_129' title='bbox 1535 1073 1745 1123; x_wconf 83' lang='lat' dir='ltr'><strong>„iubeant“</strong></span> 
     </span>
     <span class='ocr_line' id='line_1_14' title="bbox 251 1145 1748 1196; baseline -0.002 -12"><span class='ocrx_word' id='word_1_130' title='bbox 251 1148 399 1185; x_wconf 82' lang='lat' dir='ltr'><strong>factum</strong></span> <span class='ocrx_word' id='word_1_131' title='bbox 433 1151 503 1194; x_wconf 77' lang='lat' dir='ltr'><strong>est,</strong></span> <span class='ocrx_word' id='word_1_132' title='bbox 537 1147 643 1196; x_wconf 87' lang='lat' dir='ltr'><strong>quod</strong></span> <span class='ocrx_word' id='word_1_133' title='bbox 676 1151 824 1184; x_wconf 87' lang='lat' dir='ltr'><strong>ceteros</strong></span> <span class='ocrx_word' id='word_1_134' title='bbox 856 1146 970 1183; x_wconf 83' lang='lat' dir='ltr'><strong>codd.</strong></span> <span class='ocrx_word' id='word_1_135' title='bbox 998 1147 1157 1183; x_wconf 82' lang='lat' dir='ltr'><strong>invasit.</strong></span> <span class='ocrx_word' id='word_1_136' title='bbox 1218 1147 1399 1195; x_wconf 84' lang='lat' dir='ltr'><strong>Apparet</strong></span> <span class='ocrx_word' id='word_1_137' title='bbox 1430 1149 1499 1182; x_wconf 80' lang='lat' dir='ltr'><strong>aut</strong></span> <span class='ocrx_word' id='word_1_138' title='bbox 1530 1158 1615 1182; x_wconf 85' lang='lat' dir='ltr'><strong>cum</strong></span> <span class='ocrx_word' id='word_1_139' title='bbox 1647 1145 1748 1182; x_wconf 85' lang='lat' dir='ltr'><strong>anti-</strong></span> 
     </span>
     <span class='ocr_line' id='line_1_15' title="bbox 254 1209 1746 1266; baseline -0.001 -14"><span class='ocrx_word' id='word_1_140' title='bbox 254 1216 458 1266; x_wconf 88' lang='lat' dir='ltr'><strong>quioribus</strong></span> <span class='ocrx_word' id='word_1_141' title='bbox 502 1214 682 1252; x_wconf 79' lang='lat' dir='ltr'><strong>..lubeat“</strong></span> <span class='ocrx_word' id='word_1_142' title='bbox 719 1214 969 1252; x_wconf 87' lang='lat' dir='ltr'><strong>scribendum</strong></span> <span class='ocrx_word' id='word_1_143' title='bbox 1009 1227 1109 1260; x_wconf 86' lang='lat' dir='ltr'><strong>esse,</strong></span> <span class='ocrx_word' id='word_1_144' title='bbox 1154 1218 1221 1251; x_wconf 89' lang='lat' dir='ltr'><strong>aut</strong></span> <span class='ocrx_word' id='word_1_145' title='bbox 1253 1227 1339 1251; x_wconf 89' lang='lat' dir='ltr'><strong>cum</strong></span> <span class='ocrx_word' id='word_1_146' title='bbox 1371 1213 1483 1251; x_wconf 86' lang='lat' dir='ltr'><strong>codd.</strong></span> <span class='ocrx_word' id='word_1_147' title='bbox 1521 1209 1746 1259; x_wconf 79' lang='lat' dir='ltr'><strong>„lubeant“.</strong></span> 
     </span>
     <span class='ocr_line' id='line_1_16' title="bbox 250 1278 1749 1333; baseline -0.003 -12"><span class='ocrx_word' id='word_1_148' title='bbox 250 1284 475 1321; x_wconf 81' lang='lat' dir='ltr'><strong>Priscianus</strong></span> <span class='ocrx_word' id='word_1_149' title='bbox 517 1284 676 1333; x_wconf 88' lang='lat' dir='ltr'><strong>quidem</strong></span> <span class='ocrx_word' id='word_1_150' title='bbox 706 1283 781 1330; x_wconf 84' lang='lat' dir='ltr'><strong>XI,</strong></span> <span class='ocrx_word' id='word_1_151' title='bbox 817 1285 857 1329; x_wconf 84' lang='lat'><strong>5,</strong></span> <span class='ocrx_word' id='word_1_152' title='bbox 891 1297 929 1332; x_wconf 91' lang='lat' dir='ltr'><strong>p.</strong></span> <span class='ocrx_word' id='word_1_153' title='bbox 966 1281 1040 1320; x_wconf 83' lang='lat'><strong>561</strong></span> <span class='ocrx_word' id='word_1_154' title='bbox 1076 1282 1124 1320; x_wconf 92' lang='lat' dir='ltr'><strong>H.</strong></span> <span class='ocrx_word' id='word_1_155' title='bbox 1162 1278 1350 1329; x_wconf 84' lang='lat' dir='ltr'><strong>„lubens“</strong></span> <span class='ocrx_word' id='word_1_156' title='bbox 1385 1281 1516 1327; x_wconf 81' lang='lat' dir='ltr'><strong>affert,</strong></span> <span class='ocrx_word' id='word_1_157' title='bbox 1564 1280 1610 1318; x_wconf 87' lang='lat' dir='ltr'><strong>cf.</strong></span> <span class='ocrx_word' id='word_1_158' title='bbox 1642 1280 1749 1318; x_wconf 84' lang='lat' dir='ltr'><strong>infra</strong></span> 
     </span>
     <span class='ocr_line' id='line_1_17' title="bbox 251 1347 1746 1397; baseline -0.003 -8"><span class='ocrx_word' id='word_1_159' title='bbox 251 1353 346 1390; x_wconf 85' lang='lat'><strong>488.</strong></span> <span class='ocrx_word' id='word_1_160' title='bbox 379 1351 427 1388; x_wconf 80' lang='lat' dir='ltr'><strong>al.</strong></span> <span class='ocrx_word' id='word_1_161' title='bbox 495 1349 703 1397; x_wconf 53' lang='lat' dir='ltr'><strong>..lubeanff</strong></span> <span class='ocrx_word' id='word_1_162' title='bbox 747 1355 806 1388; x_wconf 88' lang='lat' dir='ltr'><strong>est</strong></span> <span class='ocrx_word' id='word_1_163' title='bbox 846 1354 965 1388; x_wconf 81' lang='lat' dir='ltr'><strong>etiam</strong></span> <span class='ocrx_word' id='word_1_164' title='bbox 996 1351 1037 1387; x_wconf 92' lang='lat' dir='ltr'><strong>in</strong></span> <span class='ocrx_word' id='word_1_165' title='bbox 1069 1351 1102 1387; x_wconf 85' lang='lat' dir='ltr'><strong>A</strong></span> <span class='ocrx_word' id='word_1_166' title='bbox 1133 1350 1240 1387; x_wconf 90' lang='lat' dir='ltr'><strong>Trin.</strong></span> <span class='ocrx_word' id='word_1_167' title='bbox 1276 1351 1352 1387; x_wconf 91' lang='lat'><strong>211</strong></span> <span class='ocrx_word' id='word_1_168' title='bbox 1391 1347 1585 1396; x_wconf 86' lang='lat' dir='ltr'><strong>(Studem.</strong></span> <span class='ocrx_word' id='word_1_169' title='bbox 1611 1349 1746 1386; x_wconf 86' lang='lat' dir='ltr'><strong>Herm.</strong></span> 
     </span>
     <span class='ocr_line' id='line_1_18' title="bbox 250 1416 1746 1467; baseline -0.003 -10"><span class='ocrx_word' id='word_1_170' title='bbox 250 1420 280 1466; x_wconf 91' lang='grc' dir='ltr'>Ι,</span> <span class='ocrx_word' id='word_1_171' title='bbox 317 1416 427 1467; x_wconf 81' lang='grc'>304),</span> <span class='ocrx_word' id='word_1_172' title='bbox 465 1433 549 1463; x_wconf 86' lang='lat' dir='ltr'><strong>..me</strong></span> <span class='ocrx_word' id='word_1_173' title='bbox 580 1418 762 1456; x_wconf 81' lang='lat' dir='ltr'><strong>lubente“</strong></span> <span class='ocrx_word' id='word_1_174' title='bbox 798 1418 916 1457; x_wconf 86' lang='lat' dir='ltr'><strong>Stich.</strong></span> <span class='ocrx_word' id='word_1_175' title='bbox 950 1421 1045 1456; x_wconf 82' lang='lat'><strong>474.</strong></span> <span class='ocrx_word' id='word_1_176' title='bbox 1093 1418 1250 1456; x_wconf 85' lang='lat' dir='ltr'><strong>Trucul.</strong></span> <span class='ocrx_word' id='word_1_177' title='bbox 1285 1419 1383 1464; x_wconf 86' lang='lat'><strong>360,</strong></span> <span class='ocrx_word' id='word_1_178' title='bbox 1416 1416 1585 1466; x_wconf 88' lang='lat' dir='ltr'><strong>indeque</strong></span> <span class='ocrx_word' id='word_1_179' title='bbox 1617 1430 1746 1454; x_wconf 91' lang='lat' dir='ltr'><strong>emen-</strong></span> 
     </span>
     <span class='ocr_line' id='line_1_19' title="bbox 251 1482 1745 1533; baseline -0.002 -8"><span class='ocrx_word' id='word_1_180' title='bbox 251 1487 370 1525; x_wconf 87' lang='lat' dir='ltr'><strong>dandi</strong></span> <span class='ocrx_word' id='word_1_181' title='bbox 412 1487 523 1525; x_wconf 80' lang='lat' dir='ltr'><strong>Cure.</strong></span> <span class='ocrx_word' id='word_1_182' title='bbox 559 1488 650 1525; x_wconf 87' lang='lat'><strong>663.</strong></span> <span class='ocrx_word' id='word_1_183' title='bbox 711 1487 816 1524; x_wconf 83' lang='lat' dir='ltr'><strong>Men.</strong></span> <span class='ocrx_word' id='word_1_184' title='bbox 852 1489 944 1533; x_wconf 80' lang='lat'><strong>269,</strong></span> <span class='ocrx_word' id='word_1_185' title='bbox 984 1487 1052 1524; x_wconf 93' lang='lat' dir='ltr'><strong>ubi</strong></span> <span class='ocrx_word' id='word_1_186' title='bbox 1085 1486 1197 1524; x_wconf 89' lang='lat' dir='ltr'><strong>codd.</strong></span> <span class='ocrx_word' id='word_1_187' title='bbox 1235 1482 1460 1532; x_wconf 60' lang='lat' dir='ltr'><strong>..iubente“.</strong></span> <span class='ocrx_word' id='word_1_188' title='bbox 1522 1484 1606 1522; x_wconf 85' lang='lat' dir='ltr'><strong>Cas.</strong></span> <span class='ocrx_word' id='word_1_189' title='bbox 1643 1486 1745 1522; x_wconf 84' lang='lat'><strong>815:</strong></span> 
     </span>
     <span class='ocr_line' id='line_1_20' title="bbox 256 1553 1746 1605; baseline -0.002 -13"><span class='ocrx_word' id='word_1_190' title='bbox 256 1554 448 1605; x_wconf 67' lang='lat' dir='ltr'><strong>..pudeo“‘.</strong></span> <span class='ocrx_word' id='word_1_191' title='bbox 482 1575 537 1580; x_wconf 92' lang='grc'><strong>--</strong></span> <span class='ocrx_word' id='word_1_192' title='bbox 569 1556 662 1593; x_wconf 81' lang='lat'><strong>484.</strong></span> <span class='ocrx_word' id='word_1_193' title='bbox 695 1553 733 1592; x_wconf 71' lang='lat' dir='ltr'><strong>Si</strong></span> <span class='ocrx_word' id='word_1_194' title='bbox 765 1553 824 1595; x_wconf 72' lang='lat' dir='ltr'><strong>ita</strong></span> <span class='ocrx_word' id='word_1_195' title='bbox 857 1555 970 1593; x_wconf 89' lang='lat' dir='ltr'><strong>codd.</strong></span> <span class='ocrx_word' id='word_1_196' title='bbox 1004 1569 1090 1592; x_wconf 85' lang='lat' dir='ltr'><strong>cum</strong></span> <span class='ocrx_word' id='word_1_197' title='bbox 1121 1555 1252 1600; x_wconf 75' lang='lat' dir='ltr'><strong>hiatu,</strong></span> <span class='ocrx_word' id='word_1_198' title='bbox 1286 1554 1333 1591; x_wconf 87' lang='lat' dir='ltr'><strong>cf.</strong></span> <span class='ocrx_word' id='word_1_199' title='bbox 1365 1553 1485 1590; x_wconf 85' lang='lat' dir='ltr'><strong>Proll.</strong></span> <span class='ocrx_word' id='word_1_200' title='bbox 1519 1566 1556 1602; x_wconf 92' lang='lat' dir='ltr'><strong>p.</strong></span> <span class='ocrx_word' id='word_1_201' title='bbox 1593 1555 1672 1590; x_wconf 89' lang='lat'><strong>220</strong></span> <span class='ocrx_word' id='word_1_202' title='bbox 1706 1556 1746 1590; x_wconf 87' lang='lat' dir='ltr'><strong>et</strong></span> 
     </span>
     <span class='ocr_line' id='line_1_21' title="bbox 251 1622 1745 1673; baseline -0.001 -12"><span class='ocrx_word' id='word_1_203' title='bbox 251 1625 352 1670; x_wconf 81' lang='lat'><strong>2233</strong></span> <span class='ocrx_word' id='word_1_204' title='bbox 387 1623 475 1661; x_wconf 89' lang='lat' dir='ltr'><strong>edd.</strong></span> <span class='ocrx_word' id='word_1_205' title='bbox 508 1623 710 1673; x_wconf 88' lang='lat' dir='ltr'><strong>plerique:</strong></span> <span class='ocrx_word' id='word_1_206' title='bbox 749 1625 829 1670; x_wconf 84' lang='lat' dir='ltr'><strong>„ita</strong></span> <span class='ocrx_word' id='word_1_207' title='bbox 860 1622 934 1661; x_wconf 76' lang='lat' dir='ltr'><strong>si‘&#39;.</strong></span> <span class='ocrx_word' id='word_1_208' title='bbox 968 1643 1018 1648; x_wconf 90' lang='lat'><strong>—</strong></span> <span class='ocrx_word' id='word_1_209' title='bbox 1054 1625 1146 1660; x_wconf 82' lang='lat'><strong>485.</strong></span> <span class='ocrx_word' id='word_1_210' title='bbox 1180 1622 1258 1659; x_wconf 87' lang='lat' dir='ltr'><strong>Pro</strong></span> <span class='ocrx_word' id='word_1_211' title='bbox 1291 1622 1401 1668; x_wconf 89' lang='lat' dir='ltr'><strong>dote,</strong></span> <span class='ocrx_word' id='word_1_212' title='bbox 1434 1622 1584 1671; x_wconf 88' lang='lat' dir='ltr'><strong>inquit,</strong></span> <span class='ocrx_word' id='word_1_213' title='bbox 1616 1634 1745 1659; x_wconf 86' lang='lat' dir='ltr'><strong>mores</strong></span> 
     </span>
     <span class='ocr_line' id='line_1_22' title="bbox 248 1689 1742 1740; baseline -0.001 -12"><span class='ocrx_word' id='word_1_214' title='bbox 248 1691 322 1729; x_wconf 89' lang='lat' dir='ltr'><strong>sibi</strong></span> <span class='ocrx_word' id='word_1_215' title='bbox 353 1696 495 1740; x_wconf 84' lang='lat' dir='ltr'><strong>parent</strong></span> <span class='ocrx_word' id='word_1_216' title='bbox 527 1705 657 1729; x_wconf 87' lang='lat' dir='ltr'><strong>secum</strong></span> <span class='ocrx_word' id='word_1_217' title='bbox 683 1692 868 1730; x_wconf 85' lang='lat' dir='ltr'><strong>ferendos</strong></span> <span class='ocrx_word' id='word_1_218' title='bbox 894 1693 1075 1729; x_wconf 84' lang='lat' dir='ltr'><strong>meliores</strong></span> <span class='ocrx_word' id='word_1_219' title='bbox 1108 1704 1223 1740; x_wconf 84' lang='lat' dir='ltr'><strong>quam</strong></span> <span class='ocrx_word' id='word_1_220' title='bbox 1255 1703 1357 1727; x_wconf 89' lang='lat' dir='ltr'><strong>nunc</strong></span> <span class='ocrx_word' id='word_1_221' title='bbox 1387 1689 1530 1727; x_wconf 87' lang='lat' dir='ltr'><strong>ferunt.</strong></span> <span class='ocrx_word' id='word_1_222' title='bbox 1562 1709 1617 1714; x_wconf 86' lang='lat'>—</span> <span class='ocrx_word' id='word_1_223' title='bbox 1649 1690 1742 1727; x_wconf 78' lang='lat'><strong>486.</strong></span> 
     </span>
     <span class='ocr_line' id='line_1_23' title="bbox 247 1756 1744 1810; baseline -0.002 -13"><span class='ocrx_word' id='word_1_224' title='bbox 247 1756 393 1808; x_wconf 55' lang='lat' dir='ltr'><strong>fusim,</strong></span> <span class='ocrx_word' id='word_1_225' title='bbox 426 1773 461 1797; x_wconf 73' lang='lat' dir='ltr'><strong>V.</strong></span> <span class='ocrx_word' id='word_1_226' title='bbox 495 1760 638 1810; x_wconf 84' lang='lat' dir='ltr'><strong>Amph.</strong></span> <span class='ocrx_word' id='word_1_227' title='bbox 674 1762 765 1798; x_wconf 77' lang='lat'><strong>507.</strong></span> <span class='ocrx_word' id='word_1_228' title='bbox 798 1781 853 1785; x_wconf 97' lang='lat'><strong>—</strong></span> <span class='ocrx_word' id='word_1_229' title='bbox 884 1757 1019 1798; x_wconf 70' lang='lat' dir='ltr'><strong>Medis</strong></span> <span class='ocrx_word' id='word_1_230' title='bbox 1050 1759 1247 1796; x_wconf 79' lang='lat' dir='ltr'><strong>malebant</strong></span> <span class='ocrx_word' id='word_1_231' title='bbox 1279 1771 1396 1808; x_wconf 80' lang='lat' dir='ltr'><strong>quam</strong></span> <span class='ocrx_word' id='word_1_232' title='bbox 1429 1759 1539 1807; x_wconf 84' lang='lat' dir='ltr'><strong>equis</strong></span> <span class='ocrx_word' id='word_1_233' title='bbox 1570 1759 1642 1804; x_wconf 85' lang='lat' dir='ltr'><strong>uti,</strong></span> <span class='ocrx_word' id='word_1_234' title='bbox 1677 1757 1744 1807; x_wconf 80' lang='lat' dir='ltr'><strong>qui</strong></span> 
     </span>
     <span class='ocr_line' id='line_1_24' title="bbox 249 1826 1743 1876; baseline -0.001 -12"><span class='ocrx_word' id='word_1_235' title='bbox 249 1827 475 1864; x_wconf 85' lang='lat' dir='ltr'><strong>deliciarum</strong></span> <span class='ocrx_word' id='word_1_236' title='bbox 501 1841 616 1864; x_wconf 84' lang='lat' dir='ltr'><strong>causa</strong></span> <span class='ocrx_word' id='word_1_237' title='bbox 643 1828 829 1865; x_wconf 83' lang='lat' dir='ltr'><strong>vehiculis</strong></span> <span class='ocrx_word' id='word_1_238' title='bbox 857 1828 1125 1876; x_wconf 81' lang='lat' dir='ltr'><strong>gestabantur,</strong></span> <span class='ocrx_word' id='word_1_239' title='bbox 1158 1827 1324 1863; x_wconf 81' lang='lat' dir='ltr'><strong>maxime</strong></span> <span class='ocrx_word' id='word_1_240' title='bbox 1350 1826 1546 1872; x_wconf 79' lang='lat' dir='ltr'><strong>mulieres,</strong></span> <span class='ocrx_word' id='word_1_241' title='bbox 1580 1826 1627 1863; x_wconf 86' lang='lat' dir='ltr'><strong>cf.</strong></span> <span class='ocrx_word' id='word_1_242' title='bbox 1648 1826 1743 1863; x_wconf 76' lang='lat'><strong>493.</strong></span> 
     </span>
     <span class='ocr_line' id='line_1_25' title="bbox 247 1895 1742 1944; baseline -0.001 -12"><span class='ocrx_word' id='word_1_243' title='bbox 247 1895 528 1942; x_wconf 77' lang='lat' dir='ltr'><strong>Martia1.111‚</strong></span> <span class='ocrx_word' id='word_1_244' title='bbox 572 1897 643 1933; x_wconf 87' lang='lat'><strong>62:</strong></span> <span class='ocrx_word' id='word_1_245' title='bbox 703 1897 858 1941; x_wconf 73' lang='lat' dir='ltr'><strong>„Aurea</strong></span> <span class='ocrx_word' id='word_1_246' title='bbox 900 1895 1005 1944; x_wconf 90' lang='lat' dir='ltr'><strong>quod</strong></span> <span class='ocrx_word' id='word_1_247' title='bbox 1044 1895 1155 1932; x_wconf 86' lang='lat' dir='ltr'><strong>fundi</strong></span> <span class='ocrx_word' id='word_1_248' title='bbox 1193 1896 1323 1944; x_wconf 86' lang='lat' dir='ltr'><strong>pretio</strong></span> <span class='ocrx_word' id='word_1_249' title='bbox 1364 1907 1522 1931; x_wconf 82' lang='lat' dir='ltr'><strong>carruca</strong></span> <span class='ocrx_word' id='word_1_250' title='bbox 1563 1898 1742 1943; x_wconf 85' lang='lat' dir='ltr'><strong>paratur,</strong></span> 
     </span>
     <span class='ocr_line' id='line_1_26' title="bbox 250 1961 1743 2013; baseline -0.001 -13"><span class='ocrx_word' id='word_1_251' title='bbox 250 1963 355 2013; x_wconf 88' lang='lat' dir='ltr'><strong>quod</strong></span> <span class='ocrx_word' id='word_1_252' title='bbox 386 1964 511 2013; x_wconf 85' lang='lat' dir='ltr'><strong>pluris</strong></span> <span class='ocrx_word' id='word_1_253' title='bbox 544 1964 649 2001; x_wconf 80' lang='lat' dir='ltr'><strong>mula</strong></span> <span class='ocrx_word' id='word_1_254' title='bbox 682 1969 739 2001; x_wconf 88' lang='lat' dir='ltr'><strong>est</strong></span> <span class='ocrx_word' id='word_1_255' title='bbox 773 1978 889 2013; x_wconf 82' lang='lat' dir='ltr'><strong>quam</strong></span> <span class='ocrx_word' id='word_1_256' title='bbox 921 1963 1056 2000; x_wconf 87' lang='lat' dir='ltr'><strong>domus</strong></span> <span class='ocrx_word' id='word_1_257' title='bbox 1089 1967 1220 2013; x_wconf 83' lang='lat' dir='ltr'><strong>empta</strong></span> <span class='ocrx_word' id='word_1_258' title='bbox 1247 1961 1360 2000; x_wconf 81' lang='lat' dir='ltr'><strong>tibi“.</strong></span> <span class='ocrx_word' id='word_1_259' title='bbox 1408 1962 1541 1999; x_wconf 78' lang='lat' dir='ltr'><strong>Iuven.</strong></span> <span class='ocrx_word' id='word_1_260' title='bbox 1568 1964 1604 2008; x_wconf 73' lang='lat'><strong>7,</strong></span> <span class='ocrx_word' id='word_1_261' title='bbox 1643 1963 1743 1999; x_wconf 88' lang='lat'><strong>181:</strong></span> 
     </span>
     <span class='ocr_line' id='line_1_27' title="bbox 253 2026 1743 2082; baseline -0.001 -14"><span class='ocrx_word' id='word_1_262' title='bbox 253 2031 348 2078; x_wconf 81' lang='lat' dir='ltr'><strong>„Hic</strong></span> <span class='ocrx_word' id='word_1_263' title='bbox 397 2030 453 2078; x_wconf 90' lang='lat' dir='ltr'><strong>(in</strong></span> <span class='ocrx_word' id='word_1_264' title='bbox 494 2030 665 2081; x_wconf 83' lang='lat' dir='ltr'><strong>porticu)</strong></span> <span class='ocrx_word' id='word_1_265' title='bbox 713 2033 847 2082; x_wconf 84' lang='lat' dir='ltr'><strong>potius</strong></span> <span class='ocrx_word' id='word_1_266' title='bbox 894 2029 1028 2080; x_wconf 84' lang='lat' dir='ltr'><strong>(quam</strong></span> <span class='ocrx_word' id='word_1_267' title='bbox 1075 2031 1146 2068; x_wconf 89' lang='lat' dir='ltr'><strong>sub</strong></span> <span class='ocrx_word' id='word_1_268' title='bbox 1186 2031 1276 2068; x_wconf 87' lang='lat' dir='ltr'><strong>divo</strong></span> <span class='ocrx_word' id='word_1_269' title='bbox 1316 2034 1492 2079; x_wconf 79' lang='lat' dir='ltr'><strong>gestatur</strong></span> <span class='ocrx_word' id='word_1_270' title='bbox 1530 2026 1743 2079; x_wconf 84' lang='lat' dir='ltr'><strong>dominus),</strong></span> 
     </span>
    </p>
   </div>
   <div class='ocr_carea' id='block_1_3' title="bbox 246 2094 1748 2285">
    <p class='ocr_par' dir='ltr' id='par_1_3' title="bbox 246 2094 1748 2285">
     <span class='ocr_line' id='line_1_28' title="bbox 247 2094 1748 2149; baseline -0.001 -13"><span class='ocrx_word' id='word_1_271' title='bbox 247 2112 416 2148; x_wconf 87' lang='lat' dir='ltr'><strong>namque</strong></span> <span class='ocrx_word' id='word_1_272' title='bbox 463 2099 526 2136; x_wconf 86' lang='lat' dir='ltr'><strong>hic</strong></span> <span class='ocrx_word' id='word_1_273' title='bbox 573 2099 727 2136; x_wconf 84' lang='lat' dir='ltr'><strong>mundae</strong></span> <span class='ocrx_word' id='word_1_274' title='bbox 772 2101 874 2136; x_wconf 81' lang='lat' dir='ltr'><strong>nitet</strong></span> <span class='ocrx_word' id='word_1_275' title='bbox 914 2100 1061 2149; x_wconf 81' lang='lat' dir='ltr'><strong>ungula</strong></span> <span class='ocrx_word' id='word_1_276' title='bbox 1097 2098 1252 2137; x_wconf 71' lang='lat' dir='ltr'><strong>mulae“.</strong></span> <span class='ocrx_word' id='word_1_277' title='bbox 1295 2119 1349 2124; x_wconf 91' lang='lat'><strong>-—-</strong></span> <span class='ocrx_word' id='word_1_278' title='bbox 1386 2099 1480 2136; x_wconf 84' lang='lat'><strong>487.</strong></span> <span class='ocrx_word' id='word_1_279' title='bbox 1536 2094 1748 2136; x_wconf 61' lang='lat' dir='ltr'><strong>&amp;antherii</strong></span> 
     </span>
     <span class='ocr_line' id='line_1_29' title="bbox 248 2166 1745 2216; baseline -0.001 -12"><span class='ocrx_word' id='word_1_280' title='bbox 248 2172 340 2204; x_wconf 88' lang='lat' dir='ltr'><strong>sunt</strong></span> <span class='ocrx_word' id='word_1_281' title='bbox 372 2168 462 2216; x_wconf 88' lang='lat' dir='ltr'><strong>equi</strong></span> <span class='ocrx_word' id='word_1_282' title='bbox 494 2168 668 2212; x_wconf 82' lang='lat' dir='ltr'><strong>castrati,</strong></span> <span class='ocrx_word' id='word_1_283' title='bbox 701 2180 736 2203; x_wconf 86' lang='lat' dir='ltr'><strong>v.</strong></span> <span class='ocrx_word' id='word_1_284' title='bbox 770 2167 880 2205; x_wconf 82' lang='lat' dir='ltr'><strong>Varr.</strong></span> <span class='ocrx_word' id='word_1_285' title='bbox 914 2167 960 2204; x_wconf 86' lang='lat' dir='ltr'><strong>R.</strong></span> <span class='ocrx_word' id='word_1_286' title='bbox 994 2167 1038 2205; x_wconf 88' lang='lat' dir='ltr'><strong>R.</strong></span> <span class='ocrx_word' id='word_1_287' title='bbox 1072 2167 1121 2213; x_wconf 92' lang='grc' dir='ltr'><strong>ΙΙ,</strong></span> <span class='ocrx_word' id='word_1_288' title='bbox 1157 2170 1178 2204; x_wconf 85' lang='lat'><strong>7</strong></span> <span class='ocrx_word' id='word_1_289' title='bbox 1214 2172 1312 2205; x_wconf 86' lang='lat' dir='ltr'><strong>extr.</strong></span> <span class='ocrx_word' id='word_1_290' title='bbox 1345 2167 1450 2204; x_wconf 87' lang='lat' dir='ltr'><strong>Fest.</strong></span> <span class='ocrx_word' id='word_1_291' title='bbox 1483 2179 1520 2215; x_wconf 92' lang='lat' dir='ltr'><strong>p.</strong></span> <span class='ocrx_word' id='word_1_292' title='bbox 1551 2167 1616 2204; x_wconf 89' lang='lat'><strong>46.</strong></span> <span class='ocrx_word' id='word_1_293' title='bbox 1663 2166 1745 2203; x_wconf 82' lang='lat' dir='ltr'><strong>Hos</strong></span> 
     </span>
     <span class='ocr_line' id='line_1_30' title="bbox 246 2232 1744 2285; baseline 0 -13"><span class='ocrx_word' id='word_1_294' title='bbox 246 2236 406 2272; x_wconf 85' lang='lat' dir='ltr'><strong>viliores</strong></span> <span class='ocrx_word' id='word_1_295' title='bbox 438 2235 559 2272; x_wconf 83' lang='lat' dir='ltr'><strong>fuisse</strong></span> <span class='ocrx_word' id='word_1_296' title='bbox 592 2236 706 2271; x_wconf 82' lang='lat' dir='ltr'><strong>etiam</strong></span> <span class='ocrx_word' id='word_1_297' title='bbox 734 2248 779 2271; x_wconf 83' lang='lat' dir='ltr'><strong>ex</strong></span> <span class='ocrx_word' id='word_1_298' title='bbox 805 2235 914 2285; x_wconf 76' lang='lat' dir='ltr'><strong>Capt.</strong></span> <span class='ocrx_word' id='word_1_299' title='bbox 936 2237 1014 2272; x_wconf 88' lang='lat'><strong>808</strong></span> <span class='ocrx_word' id='word_1_300' title='bbox 1040 2236 1288 2283; x_wconf 83' lang='lat' dir='ltr'><strong>intelligitur.</strong></span> <span class='ocrx_word' id='word_1_301' title='bbox 1313 2255 1369 2260; x_wconf 91' lang='lat'><strong>—-</strong></span> <span class='ocrx_word' id='word_1_302' title='bbox 1395 2236 1489 2272; x_wconf 78' lang='lat'><strong>489.</strong></span> <span class='ocrx_word' id='word_1_303' title='bbox 1524 2232 1580 2272; x_wconf 71' lang='grc' dir='ltr'><strong>((ίῖ</strong></span> <span class='ocrx_word' id='word_1_304' title='bbox 1603 2232 1744 2283; x_wconf 69' lang='lat' dir='ltr'><strong>parsi-</strong></span> 
     </span>
    </p>
   </div>
   <div class='ocr_carea' id='block_1_4' title="bbox 248 2301 1746 2553">
    <p class='ocr_par' dir='ltr' id='par_1_4' title="bbox 248 2301 1746 2488">
     <span class='ocr_line' id='line_1_31' title="bbox 249 2301 1746 2352; baseline 0 -13"><span class='ocrx_word' id='word_1_305' title='bbox 249 2301 441 2349; x_wconf 70' lang='lat' dir='ltr'><strong>moniam,</strong></span> <span class='ocrx_word' id='word_1_306' title='bbox 475 2316 525 2340; x_wconf 86' lang='lat' dir='ltr'><strong>sc.</strong></span> <span class='ocrx_word' id='word_1_307' title='bbox 553 2305 786 2352; x_wconf 80' lang='lat' dir='ltr'><strong>spectantia.</strong></span> <span class='ocrx_word' id='word_1_308' title='bbox 834 2303 996 2340; x_wconf 88' lang='lat' dir='ltr'><strong>Deenik.</strong></span> <span class='ocrx_word' id='word_1_309' title='bbox 1023 2304 1191 2340; x_wconf 81' lang='lat' dir='ltr'><strong>contulit</strong></span> <span class='ocrx_word' id='word_1_310' title='bbox 1217 2304 1304 2340; x_wconf 88' lang='lat' dir='ltr'><strong>Ter.</strong></span> <span class='ocrx_word' id='word_1_311' title='bbox 1330 2303 1455 2340; x_wconf 86' lang='lat' dir='ltr'><strong>Andr.</strong></span> <span class='ocrx_word' id='word_1_312' title='bbox 1482 2303 1582 2339; x_wconf 84' lang='lat'><strong>482:</strong></span> <span class='ocrx_word' id='word_1_313' title='bbox 1619 2315 1746 2351; x_wconf 72' lang='lat' dir='ltr'><strong>„quae</strong></span> 
     </span>
     <span class='ocr_line' id='line_1_32' title="bbox 249 2370 1746 2420; baseline -0.001 -13"><span class='ocrx_word' id='word_1_314' title='bbox 249 2375 407 2420; x_wconf 78' lang='lat' dir='ltr'><strong>oportet</strong></span> <span class='ocrx_word' id='word_1_315' title='bbox 440 2372 547 2419; x_wconf 69' lang='lat' dir='ltr'><strong>signa</strong></span> <span class='ocrx_word' id='word_1_316' title='bbox 583 2384 666 2407; x_wconf 87' lang='lat' dir='ltr'><strong>esse</strong></span> <span class='ocrx_word' id='word_1_317' title='bbox 693 2371 740 2407; x_wconf 83' lang='lat' dir='ltr'><strong>ad</strong></span> <span class='ocrx_word' id='word_1_318' title='bbox 769 2370 976 2408; x_wconf 76' lang='lat' dir='ltr'><strong>salutem“.</strong></span> <span class='ocrx_word' id='word_1_319' title='bbox 1025 2371 1120 2408; x_wconf 87' lang='lat' dir='ltr'><strong>Caes.</strong></span> <span class='ocrx_word' id='word_1_320' title='bbox 1147 2372 1189 2409; x_wconf 80' lang='lat' dir='ltr'><strong>B.</strong></span> <span class='ocrx_word' id='word_1_321' title='bbox 1216 2372 1297 2410; x_wconf 78' lang='lat' dir='ltr'><strong>Civ.</strong></span> <span class='ocrx_word' id='word_1_322' title='bbox 1317 2371 1387 2417; x_wconf 91' lang='grc' dir='ltr'>ΙΙΙ,</span> <span class='ocrx_word' id='word_1_323' title='bbox 1424 2372 1521 2408; x_wconf 90' lang='lat'><strong>101:</strong></span> <span class='ocrx_word' id='word_1_324' title='bbox 1559 2370 1746 2420; x_wconf 73' lang='lat' dir='ltr'><strong>..reliquis</strong></span> 
     </span>
     <span class='ocr_line' id='line_1_33' title="bbox 248 2438 940 2488; baseline 0.003 -13"><span class='ocrx_word' id='word_1_325' title='bbox 248 2439 365 2477; x_wconf 87' lang='lat' dir='ltr'><strong>rebus</strong></span> <span class='ocrx_word' id='word_1_326' title='bbox 398 2452 483 2488; x_wconf 82' lang='lat' dir='ltr'><strong>quae</strong></span> <span class='ocrx_word' id='word_1_327' title='bbox 516 2444 607 2475; x_wconf 86' lang='lat' dir='ltr'><strong>sunt</strong></span> <span class='ocrx_word' id='word_1_328' title='bbox 641 2438 690 2475; x_wconf 79' lang='lat' dir='ltr'><strong>ad</strong></span> <span class='ocrx_word' id='word_1_329' title='bbox 720 2438 940 2477; x_wconf 71' lang='lat' dir='ltr'><strong>incendia“.</strong></span> 
     </span>
    </p>

    <p class='ocr_par' dir='ltr' id='par_1_5' title="bbox 364 2506 1746 2553">
     <span class='ocr_line' id='line_1_34' title="bbox 364 2506 1746 2553; baseline 0 -10"><span class='ocrx_word' id='word_1_330' title='bbox 364 2509 457 2545; x_wconf 77' lang='lat'><strong>492.</strong></span> <span class='ocrx_word' id='word_1_331' title='bbox 506 2506 618 2553; x_wconf 81' lang='lat' dir='ltr'><strong>Quod</strong></span> <span class='ocrx_word' id='word_1_332' title='bbox 658 2507 721 2543; x_wconf 89' lang='lat' dir='ltr'><strong>hic</strong></span> <span class='ocrx_word' id='word_1_333' title='bbox 760 2520 897 2543; x_wconf 82' lang='lat' dir='ltr'><strong>versus</strong></span> <span class='ocrx_word' id='word_1_334' title='bbox 929 2509 968 2544; x_wconf 93' lang='lat' dir='ltr'><strong>in</strong></span> <span class='ocrx_word' id='word_1_335' title='bbox 1002 2508 1113 2545; x_wconf 87' lang='lat' dir='ltr'><strong>codd.</strong></span> <span class='ocrx_word' id='word_1_336' title='bbox 1147 2509 1186 2544; x_wconf 89' lang='lat' dir='ltr'><strong>in</strong></span> <span class='ocrx_word' id='word_1_337' title='bbox 1219 2508 1315 2544; x_wconf 90' lang='lat' dir='ltr'><strong>duos</strong></span> <span class='ocrx_word' id='word_1_338' title='bbox 1349 2506 1559 2553; x_wconf 81' lang='lat' dir='ltr'><strong>dividitur,</strong></span> <span class='ocrx_word' id='word_1_339' title='bbox 1599 2507 1746 2544; x_wconf 88' lang='lat' dir='ltr'><strong>nullius</strong></span> 
     </span>
    </p>
   </div>
   <div class='ocr_carea' id='block_1_5' title="bbox 250 2570 1746 2749">
    <p class='ocr_par' dir='ltr' id='par_1_6' title="bbox 250 2570 1746 2749">
     <span class='ocr_line' id='line_1_35' title="bbox 250 2570 1746 2624; baseline -0.001 -12"><span class='ocrx_word' id='word_1_340' title='bbox 250 2578 437 2613; x_wconf 85' lang='lat' dir='ltr'><strong>momenti</strong></span> <span class='ocrx_word' id='word_1_341' title='bbox 479 2579 548 2612; x_wconf 89' lang='lat' dir='ltr'><strong>est.</strong></span> <span class='ocrx_word' id='word_1_342' title='bbox 624 2570 773 2620; x_wconf 77' lang='lat' dir='ltr'><strong>Enim,</strong></span> <span class='ocrx_word' id='word_1_343' title='bbox 821 2575 844 2611; x_wconf 92' lang='lat' dir='ltr'><strong>i.</strong></span> <span class='ocrx_word' id='word_1_344' title='bbox 879 2589 910 2612; x_wconf 91' lang='lat' dir='ltr'><strong>e.</strong></span> <span class='ocrx_word' id='word_1_345' title='bbox 953 2577 1171 2622; x_wconf 84' lang='lat' dir='ltr'><strong>enimvero,</strong></span> <span class='ocrx_word' id='word_1_346' title='bbox 1221 2576 1266 2612; x_wconf 76' lang='lat' dir='ltr'><strong>cs.</strong></span> <span class='ocrx_word' id='word_1_347' title='bbox 1307 2575 1423 2624; x_wconf 84' lang='lat' dir='ltr'><strong>Epid.</strong></span> <span class='ocrx_word' id='word_1_348' title='bbox 1466 2577 1558 2613; x_wconf 82' lang='lat'><strong>690.</strong></span> <span class='ocrx_word' id='word_1_349' title='bbox 1627 2574 1746 2611; x_wconf 84' lang='lat' dir='ltr'><strong>Most.</strong></span> 
     </span>
     <span class='ocr_line' id='line_1_36' title="bbox 253 2640 1744 2689; baseline 0 -9"><span class='ocrx_word' id='word_1_350' title='bbox 253 2645 373 2681; x_wconf 85' lang='lat'><strong>1126.</strong></span> <span class='ocrx_word' id='word_1_351' title='bbox 435 2643 540 2680; x_wconf 79' lang='lat' dir='ltr'><strong>Men.</strong></span> <span class='ocrx_word' id='word_1_352' title='bbox 585 2643 663 2680; x_wconf 89' lang='lat'><strong>832</strong></span> <span class='ocrx_word' id='word_1_353' title='bbox 713 2640 870 2688; x_wconf 75' lang='lat' dir='ltr'><strong>(„Enim</strong></span> <span class='ocrx_word' id='word_1_354' title='bbox 916 2641 1118 2689; x_wconf 79' lang='lat' dir='ltr'><strong>haereo“).</strong></span> <span class='ocrx_word' id='word_1_355' title='bbox 1185 2643 1270 2680; x_wconf 85' lang='lat' dir='ltr'><strong>Mil.</strong></span> <span class='ocrx_word' id='word_1_356' title='bbox 1319 2644 1411 2679; x_wconf 81' lang='lat'><strong>431.</strong></span> <span class='ocrx_word' id='word_1_357' title='bbox 1456 2644 1574 2681; x_wconf 90' lang='lat'><strong>1012.</strong></span> <span class='ocrx_word' id='word_1_358' title='bbox 1635 2642 1744 2680; x_wconf 83' lang='lat' dir='ltr'><strong>Pers.</strong></span> 
     </span>
     <span class='ocr_line' id='line_1_37' title="bbox 252 2710 1744 2749; baseline 0.001 -2"><span class='ocrx_word' id='word_1_359' title='bbox 252 2712 346 2749; x_wconf 79' lang='lat'><strong>237.</strong></span> <span class='ocrx_word' id='word_1_360' title='bbox 390 2713 481 2749; x_wconf 82' lang='lat'><strong>320.</strong></span> <span class='ocrx_word' id='word_1_361' title='bbox 524 2712 617 2748; x_wconf 91' lang='lat'><strong>611.</strong></span> <span class='ocrx_word' id='word_1_362' title='bbox 692 2710 800 2748; x_wconf 88' lang='lat' dir='ltr'><strong>Trin.</strong></span> <span class='ocrx_word' id='word_1_363' title='bbox 847 2711 964 2747; x_wconf 72' lang='lat'><strong>1134.</strong></span> <span class='ocrx_word' id='word_1_364' title='bbox 1041 2710 1129 2748; x_wconf 77' lang='lat' dir='ltr'><strong>Ter.</strong></span> <span class='ocrx_word' id='word_1_365' title='bbox 1163 2710 1321 2748; x_wconf 90' lang='lat' dir='ltr'><strong>Phorm.</strong></span> <span class='ocrx_word' id='word_1_366' title='bbox 1356 2712 1448 2748; x_wconf 80' lang='lat'><strong>983.</strong></span> <span class='ocrx_word' id='word_1_367' title='bbox 1524 2710 1616 2747; x_wconf 80' lang='lat' dir='ltr'><strong>Hee.</strong></span> <span class='ocrx_word' id='word_1_368' title='bbox 1651 2711 1744 2748; x_wconf 87' lang='lat'><strong>238.</strong></span> 
     </span>
    </p>
   </div>
  </div>
 </body>
</html>
