1897 3171
236 182 316 221 326
882 177 1079 212 Aulularia.

232 308 376 345 hiatus.
408 326 465 332 --
495 307 589 344 454.
645 302 779 346 Ueluti
815 317 878 344 me
916 303 1173 356 Meyadorus
1211 319 1345 342 versus
1386 319 1503 343 causa
1540 305 1725 352 Guietus;

232 376 351 413 Weis.
385 378 424 412 et
453 374 603 412 Ritsch.
635 377 789 412 retento
821 374 970 421 ordine,
1003 375 1071 424 qui
1102 374 1143 410 in
1173 373 1285 411 codd.
1319 377 1388 419 est,
1425 373 1583 420 „Ueluti
1614 373 1669 411 M.
1695 376 1724 410 t.

233 442 346 480 med“
382 444 634 492 scripserunt.
672 462 728 467 --
768 443 862 480 455.
895 439 1117 480 simulauit
1143 443 1220 479 iam
1250 443 1291 478 in
1322 441 1432 478 codd.
1466 441 1724 478 emendatum.

236 511 378 548 Hiatus
409 512 514 548 inter
544 508 626 548 mei
657 514 696 547 et
725 507 892 548 honoris
926 508 977 557 (v.
1009 509 1191 557 Prolegg.
1227 523 1265 559 p.
1301 508 1397 555 224)
1431 510 1464 546 si
1496 512 1558 547 cui
1588 522 1726 558 parum

232 579 450 629 probabilis
466 577 676 625 videbitur,
707 591 793 615 cum
809 577 953 615 Bothio
976 574 1065 623 „se“
1088 577 1221 615 addat.
1239 597 1293 602 —-
1311 579 1405 615 456.
1439 587 1483 615 ea
1502 587 1626 615 Causa
1644 574 1725 627 qui,

234 649 260 685 i.
282 661 313 684 e.
332 651 387 684 ut.
417 666 474 671 —
505 647 600 684 457.
640 641 862 695 Condifflze,
895 646 1182 692 convenienter,
1216 646 1334 682 simili
1358 645 1488 692 modo,
1521 646 1567 683 cf.
1586 645 1726 683 Bacch.

237 716 330 753 389.
377 714 490 765 capt.
526 715 618 752 107.
672 713 756 751 Cas.
793 715 884 750 131.
940 713 1046 750 Men.
1081 715 1174 751 891.
1227 713 1344 752 Poen.
1378 715 1471 751 462.
1504 734 1558 739 —
1587 714 1728 751 Hiatus

234 787 325 833 post
364 793 427 820 me
464 782 615 819 vitandi
654 795 769 819 causa
808 781 924 819 Both.
969 780 1106 828 „med“
1152 781 1233 828 ed.,
1280 781 1408 819 Guiet.
1455 783 1585 827 „intus
1626 780 1726 828 me“,

235 852 336 888 alius
370 864 455 898 „me
481 848 630 888 meus“.
655 870 710 874 —
742 849 985 898 Scripturam
1014 848 1292 896 ‚,gallinacius“
1322 850 1525 888 Bucheler.
1552 850 1728 888 defendit

233 919 335 957 Mus.
377 918 551 956 Rhenan.
594 918 688 964 XX,
729 931 767 967 p.
808 916 910 964 4413
956 931 992 955 V.
1034 918 1114 955 464
1162 918 1274 955 codd.
1315 919 1517 966 vuigarem
1562 918 1726 956 formam

233 987 423 1037 praebent.
480 1007 536 1011 ——
590 987 684 1023 458.
746 983 845 1023 anni
898 985 1049 1022 duabus
1100 986 1260 1034 syllabis
1314 986 1534 1034 legendum.
1588 986 1727 1036 Wagn.

236 1055 335 1093 conf.
370 1055 469 1092 Gell.
502 1054 573 1100 IV,
620 1056 688 1100 16,
732 1056 752 1090 5
786 1067 863 1103 sq.:
916 1053 1114 1100 ,Lucilius
1154 1055 1193 1091 in
1235 1055 1370 1092 eodem
1403 1068 1493 1092 casu
1526 1049 1657 1092 'uictu'
1691 1059 1729 1092 et

234 1117 334 1160 ’anu'
376 1123 495 1168 dixit,
551 1136 630 1160 non
670 1122 817 1160 ⁷uictui’
858 1125 896 1158 et
943 1122 1058 1159 'anui’
1106 1124 1147 1159 in
1194 1123 1299 1159 hisce
1345 1122 1545 1160 versibus:
1603 1117 1729 1169 'Quod

235 1195 431 1240 sumptum
471 1195 589 1240 atque
629 1191 764 1240 epulas
804 1191 912 1227 uictu
949 1192 1146 1240 praeponis
1186 1191 1362 1228 honesto’
1395 1196 1433 1228 et
1465 1191 1543 1228 alio
1574 1192 1614 1227 in
1645 1191 1729 1228 loco

235 1260 336 1296 'Anu
374 1253 550 1297 noceo⁷“.
589 1279 644 1283 —
674 1256 925 1307 peculiaris,
966 1259 1012 1296 cf.
1046 1260 1154 1297 Asin.
1191 1261 1281 1297 536.
1340 1256 1589 1307 2)cc6722'5'32'¹›ne
1626 1259 1729 1296 infra

236 1329 330 1365 660.
381 1328 499 1364 Most.
534 1328 626 1365 645.
659 1347 715 1352 -
746 1328 840 1364 459.
874 1323 981 1373 haec,
1015 1327 1105 1364 olla.
1138 1347 1194 1351 —
1224 1324 1284 1364 ibi
1315 1327 1421 1377 quod
1452 1341 1528 1364 non
1559 1328 1728 1376 primum

236 1397 441 1433 sententiae
481 1396 609 1433 locum
648 1395 820 1441 obtinet,
863 1408 898 1432 v.
931 1395 1072 1444 Amph.
1110 1397 1200 1432 181.
1260 1392 1515 1444 scalpurrire
1545 1400 1584 1433 et
1614 1395 1727 1433 codd.

235 1467 274 1501 et
305 1464 454 1501 Nonius
484 1478 523 1513 p.
560 1465 635 1500 171
670 1463 771 1500 hunc
802 1477 957 1501 versum
989 1463 1166 1501 afferens.
1229 1464 1357 1501 Guiet.
1397 1464 1543 1513 aliique
1579 1464 1728 1514 „scalp-

235 1530 384 1569 turire“
435 1533 693 1580 scripserunt,
748 1531 817 1568 sed
861 1545 940 1569 non
985 1533 1110 1579 magis
1155 1531 1464 1569 desideratis-um
1509 1535 1567 1569 est
1613 1545 1728 1582 quam

233 1601 413 1649 ligurriO,
446 1601 628 1647 scaturio,
661 1613 695 1637 v.
723 1600 854 1636 Madv.
874 1599 940 1637 Gr.
959 1600 1047 1636 Lat.
1071 1602 1161 1645 197,
1196 1601 1231 1645 4,
1266 1605 1347 1637 not.
1372 1620 1428 1625 -—-
1454 1596 1622 1649 unglulz's
1652 1602 1729 1637 iam

234 1670 275 1706 in
305 1669 336 1705 Β
376 1668 637 1705 emendatum.
708 1668 868 1716 Ungues
908 1667 1198 1717 significantur,
1247 1673 1288 1704 ut
1332 1668 1471 1706 Pseud.
1506 1669 1600 1706 647.
1635 1670 1728 1706 857.

236 1738 329 1775 859.
362 1756 418 1762 —-
449 1737 543 1773 460.
587 1734 795 1785 peruenit,
840 1736 994 1773 acidum
1034 1737 1178 1773 factum
1211 1741 1285 1783 est,
1334 1738 1392 1774 ira
1422 1738 1623 1774 incensum
1655 1741 1725 1783 est,

235 1805 281 1842 cf.
315 1804 453 1842 Bacch.
499 1804 604 1842 1096
644 1808 682 1841 et
722 1805 815 1842 402.
867 1824 915 1828 --
962 1802 1023 1842 ita
1062 1818 1141 1842 11011
1179 1809 1368 1854 sequente
1413 1804 1520 1851 „ut“,
1567 1805 1646 1842 vid.
1680 1806 1729 1842 ad

234 1873 375 1922 Amph.
423 1873 516 1910 952.
565 1892 619 1897 —
658 1872 751 1910 461.
799 1869 1155 1920 manifestarium,
1198 1874 1468 1919 manifestum,
1519 1873 1728 1911 manifesto

235 1941 540 1991 deprehensum,
589 1941 635 1978 cf.
669 1941 809 1978 Bacch.
844 1942 940 1978 913.
1001 1941 1086 1978 Mil.
1121 1942 1214 1978 446.
1278 1941 1385 1978 Trin.
1421 1943 1514 1979 895.
1548 1962 1602 1966 -
1633 1943 1727 1980 462.

236 2009 292 2047 Cf.
318 2009 520 2058 Aristoph.
549 2009 666 2059 Vesp.
696 2011 772 2047 100
804 2022 861 2057 sq.
926 2010 996 2045 Τὸν
1024 2009 1236 2058 ἀλεκτρυόνα
1261 2010 1304 2052 δ’,
1336 2011 1372 2051 ὃς
1397 2005 1450 2058 ᾖδ’
1477 2010 1538 2057 ἀφ’
1564 2011 1729 2060 ἑσπέρας,

235 2077 312 2124 ἔφη,
345 2077 405 2125 ὄψ’
439 2080 623 2126 ἐξεγείρειν
655 2077 761 2114 αὐτὸν
793 2078 1103 2125 ἀναπεπεισμένον
1134 2079 1233 2127 παρὰ
1264 2080 1332 2114 τῶν
1358 2079 1576 2114 ὑπευθύνων
1602 2079 1729 2124 ἔχοντα

234 2147 407 2195 χρήματα.
438 2165 494 2169 ——
526 2145 619 2182 463.
652 2145 992 2183 exenw‘eoemcmu
1018 2142 1290 2192 manubrium,
1325 2160 1375 2183 sc.
1395 2148 1541 2196 coquis.
1588 2147 1727 2197 Wagn.

238 2212 375 2261 „istis⁴‘
397 2213 551 2250 addidit
580 2218 670 2262 post
698 2212 878 2259 .,manu“,
914 2215 975 2251 vel
1007 2216 1122 2251 metri
1155 2228 1282 2261 causa,
1315 2229 1406 2252 nam
1428 2213 1723 2261 ,.manub1·ium“

234 2296 259 2320 u
304 2282 421 2318 breve
459 2281 579 2317 habet
619 2277 835 2331 (Iuvenalis
877 2287 1009 2319 tamen
1056 2284 1125 2328 11,
1173 2283 1247 2320 133
1292 2282 1451 2330 longum
1489 2281 1620 2331 facit),
1667 2283 1730 2320 vel

237 2351 440 2396 orationis,
472 2362 564 2386 nam
595 2361 697 2397 aegre
730 2350 979 2387 desideratur
1009 2363 1188 2399 personae
1222 2351 1431 2398 indicatio,
1477 2351 1596 2400 idque
1628 2364 1730 2388 com-

235 2418 397 2455 mendat
435 2417 585 2454 Ritsch.
626 2416 768 2467 Opus&
801 2417 858 2464 II,
890 2432 929 2467 p.
965 2419 1044 2456 587
1079 2432 1135 2468 Sq.
1210 2418 1468 2455 Proverbium
1509 2418 1730 2456 Gronovius

236 2487 423 2535 explicat:
475 2499 634 2533 „ansam
677 2485 739 2522 vel
784 2485 1013 2523 facultatem
1060 2488 1118 2523 rei
1163 2486 1324 2534 agendae
1371 2487 1488 2523 alicui
1535 2484 1728 2536 eripere“.

236 2554 406 2592 Ductum
433 2559 492 2591 est
523 2558 653 2591 autem
685 2567 706 2590 a
737 2554 891 2600 malleo,
925 2555 1045 2600 cuius,
1079 2556 1111 2591 si
1136 2554 1386 2591 manubrium
1411 2554 1533 2600 deest,
1567 2556 1729 2603 exiguus

235 2635 329 2659 usus
362 2626 432 2668 est,
465 2622 513 2659 cf.
531 2621 647 2672 Epid.
669 2614 746 2659 517
773 2635 851 2671 sq.:
890 2622 1103 2667 „Malleum
1137 2625 1421 2671 sapientiorem
1453 2622 1537 2658 uidi
1568 2634 1729 2658 excusso

237 2690 485 2728 manubrio“.
520 2710 568 2715 —
604 2692 699 2728 464.
737 2686 846 2739 Quid
877 2700 979 2738 opus
1011 2691 1073 2727 est·
1101 2687 1252 2727 uerbis.
1299 2690 1497 2739 Repetitio
1522 2703 1569 2726 ex
1593 2703 1627 2727 v.
1648 2691 1727 2727 460
