1854 3188
76 187 126 232 11,
145 189 174 231 1,
188 187 299 222 5422
725 187 922 222 Aulularia.
1516 194 1562 232 11

79 312 170 354 Nec
199 315 364 354 mutam
392 311 587 367 profecto
617 317 836 368 repertam
866 313 999 354 ullam
1030 327 1123 355 esse
1502 327 1565 362 125

79 383 219 426 Hodie
251 384 399 426 dicunt
429 384 651 426 mulierem
681 385 768 427 ullo
799 386 844 426 in
876 385 1031 427 saeclo.

79 455 242 498 Uerum
271 455 365 508 hoc,
397 455 544 508 frater,
576 471 707 498 unum
738 462 884 498 tamen
917 457 1119 510 cogitato,

79 527 175 569 Tibi
204 541 457 582 proxumam
487 542 566 579 me,
598 528 788 583 mihique
822 543 911 570 esse
943 530 1048 570 item
1077 532 1133 570 te.

75 599 146 641 Ita
177 604 413 652 aequomst,
446 600 561 654 quod
591 601 635 641 in
666 615 756 642 rem
789 615 879 642 esse
912 602 1087 655 utrique
1120 601 1392 654 arbitremur,

75 671 134 713 Et
165 671 270 713 mihi
300 675 356 723 te,
387 676 430 713 et
459 672 540 713 tibi
570 686 633 713 me
664 672 884 714 consulere
917 677 960 714 et
990 686 1176 724 monere,
1500 688 1565 721 130

77 743 228 797 Neque
259 744 477 785 occultum
508 744 551 785 id
582 744 744 796 haberi,
775 759 912 797 neque
943 758 1019 798 per
1051 748 1212 786 metum
1244 746 1438 798 mussari,

78 814 191 864 Quin
221 816 476 870 participem
508 816 672 870 pariter
703 830 780 870 ego
812 821 855 858 te
888 821 930 858 et
960 821 1008 858 tu
1038 831 1117 858 me.

76 886 138 928 Eo
170 901 284 929 nunc
314 901 391 941 ego
424 892 592 930 secreto
622 892 665 930 te
696 888 779 930 huc
809 888 923 930 foras
958 888 1120 939 seduxi,

74 959 134 1001 Ut
165 963 296 1001 tuam·
314 974 405 1001 rem
436 974 514 1014 ego
545 964 689 1002 tecum
719 960 790 1001 hic
820 961 1022 1014 loquerer
1052 961 1320 1003 familiarem.

661 1062 982 1116 Megadorus

75 1135 142 1176 Da
172 1134 290 1186 mihi,
323 1139 499 1189 optuma
529 1135 700 1182 femina,
734 1149 921 1176 manum.
1500 1148 1563 1182 135

687 1222 949 1264 Eunomia

31 1337 36 1341 ,
76 1293 161 1335 Ubi
192 1295 313 1336 east?
361 1295 457 1356 quis
489 1295 609 1336 east‘?

658 1382 978 1436 Megadorus

675 1455 750 1496 Tu.

691 1542 951 1583 Eunomia

812 1613 931 1654 Tunc
964 1614 1057 1655 ais?

658 1701 978 1754 Megadorus

1127 1772 1170 1814 Si
1201 1787 1344 1826 negas,
1375 1787 1497 1827 nego.

694 1857 953 1898 Eunomia

76 1927 212 1969 Decet
228 1927 425 1980 equidem
443 1941 549 1969 uera
564 1928 782 1982 proloqui,
814 1943 914 1970 nam
938 1932 1116 1983 optuma
1139 1928 1259 1970 nulla
1282 1933 1426 1983 potest
1443 1929 1564 1983 eligi3

78 1999 176 2040 Alia
207 1999 294 2040 alia
324 2000 457 2054 peior,
490 1999 637 2052 frater,
671 2006 748 2042 est.

661 2088 979 2141 Megadorus

821 2161 941 2202 Idem
973 2174 1050 2214 ego
1083 2161 1285 2213 arbitror,
1317 2175 1397 2203 nec
1426 2160 1508 2202 tibi

79 2231 317 2273 Aduorsari
348 2235 557 2273 certumst
588 2232 640 2274 de
669 2233 783 2274 istac
813 2248 860 2275 re
891 2247 1109 2288 umquam,
1143 2248 1277 2275 soror.

693 2320 953 2361 Eunomia

78 2389 145 2430 Da
175 2389 280 2430 mihi
311 2403 500 2444 operam,
534 2392 701 2433 amabo.

656 2490 980 2543 Megadorus

487 2563 638 2614 Tuast3
670 2568 791 2604 utere
823 2566 953 2616 atque
984 2563 1147 2616 inpera,
1180 2563 1216 2603 si
1248 2561 1351 2616 quid
1382 2561 1461 2602 uis.
1506 2572 1570 2604 140

173 2719 236 2751 128
260 2717 349 2751 item
377 2728 456 2752 esse
540 2719 604 2752 130
628 2729 686 2751 me
713 2727 777 2752 om.
867 2719 931 2752 132
956 2720 998 2752 tu
1021 2728 1080 2752 me
1105 2719 1147 2751 ut
1169 2716 1291 2750 facias,
1366 2716 1429 2749 137
1454 2714 1571 2748 Decet

79 2777 117 2808 te
142 2774 311 2818 equidem
1240 2778 1242 2780 ’
