1897 3171
256 201 337 239 388
894 180 1117 229 Bacchides.>

250 325 462 364 Nov.Exc.
487 339 525 375 p.
557 325 604 362 59
635 337 690 373 sq.
753 323 990 361 Affirmandi
1021 335 1137 359 causa
1168 323 1342 370 affertur,
1375 323 1480 372 quod
1509 324 1550 360 in
1580 323 1747 373 inscrip-

249 393 425 431 tionibus
457 393 749 442 antiquioribus
779 391 977 429 interdum
1014 389 1217 436 ..vocatio‘²
1252 391 1400 439 legitur
1424 405 1496 441 pro
1526 389 1745 438 ,‚vacatio“,

249 475 286 498 v.
312 460 542 498 Mommsen.
576 461 626 498 ad
658 460 773 510 Corp.
805 460 926 496 Inscr.
960 458 991 505 I,
1023 472 1062 508 p.
1096 459 1148 496 70
1182 472 1239 507 sq.
1301 458 1378 496 Sed
1416 472 1487 496 nec
1530 459 1748 510 euphonica

250 530 353 566 ratio
387 532 562 578 apparet,
596 532 634 565 et
667 527 825 565 errandi
857 528 1008 565 occasio
1040 528 1081 563 in
1105 530 1292 575 promptu
1318 530 1394 573 est3
1427 541 1547 577 quare
1573 527 1745 565 codicum

254 598 493 646 scripturam
524 597 687 634 retinui.
718 616 775 620 —
810 597 900 633 153.
948 594 1066 641 Sane.
1106 595 1255 643 inquit,
1294 593 1379 631 fieri
1408 598 1560 644 potest,
1599 598 1644 632 ut-
1676 607 1748 643 ego

250 665 441 702 Hercules
464 664 568 711 fiam,
600 668 645 702 tu
669 664 802 701 Linus.
856 663 1092 711 Magistrum
1123 664 1236 709 enim,
1270 676 1388 712 quum
1419 676 1460 700 se
1490 663 1616 711 lyram
1647 663 1748 700 male

250 736 490 770 tractantem
522 734 799 782 vituperasset,
833 730 1029 768 interfecit
1059 729 1260 777 Hercules,
1293 744 1330 768 v.
1361 731 1544 781 Apollod.
1569 731 1619 778 II,
1646 732 1683 777 4,
1712 732 1747 768 9.

251 801 382 847 Jahn..
411 801 595 838 Berichte
611 801 648 839 d.
668 800 798 838 Sachs.
819 799 1030 838 Gescllsch.
1057 798 1092 835 d.
1110 798 1172 836 W.
1194 798 1316 842 1853,
1333 811 1371 848 p.
1394 800 1470 836 145
1490 812 1548 848 sq.
1571 819 1628 824 —
1656 800 1747 836 154.

252 869 389 915 Immo⁷
418 869 624 921 respondit
641 869 893 918 paedagogus,
920 869 1043 916 magis
1061 869 1203 913 metuo,
1230 880 1278 903 ne
1302 870 1344 904 tu
1360 879 1515 916 pereas,
1542 880 1750 916 meumque

252 938 429 975 futurum
468 938 519 974 sit
555 938 659 987 patri
699 937 904 974 interitum
944 939 1056 971 tuum
1096 935 1300 981 nuntiare,
1358 938 1401 971 ut
1440 935 1602 972 Phoenix
1632 935 1749 972 Peleo

252 1006 420 1042 Achillis
452 1008 616 1042 mortem
648 1005 858 1042 nuntiavit.
926 1003 1011 1040 Hoc
1049 1003 1255 1039 Arctinum
1293 1003 1334 1039 in
1366 1003 1596 1053 AEthiopide
1628 1004 1749 1053 scrip-

252 1075 349 1111 sisse
374 1073 588 1111 verisimile
614 1077 683 1110 est.
717 1093 773 1097 —
802 1068 931 1120 fuam,
964 1084 1042 1108 non
1070 1069 1207 1118 „simffl
1241 1074 1284 1108 ut
1308 1071 1411 1108 infra
1438 1072 1558 1109 1030.
1606 1071 1748 1121 Amph.

256 1144 335 1180 978
371 1142 433 1186 al..
467 1142 535 1179 sed
571 1141 751 1188 ..futurus
783 1140 895 1187 shn‘,
927 1143 970 1176 ut
1004 1139 1125 1176 Poen.
1156 1140 1282 1176 1088:
1321 1139 1448 1186 ..Quin
1477 1152 1564 1176 mea
1595 1153 1750 1189 quoque

253 1212 327 1248 iste
357 1210 530 1257 habebit,
565 1211 596 1247 si
629 1209 724 1259 quid
756 1222 816 1246 me
848 1206 973 1246 fuat“.
1021 1207 1126 1245 Trin.
1150 1208 1248 1244 594:
1285 1208 1350 1253 „in
1381 1207 1604 1257 ambiguost
1634 1209 1751 1245 etiam

254 1291 369 1325 nunc,
404 1278 499 1327 quid
531 1292 573 1315 ea
606 1291 647 1314 re
677 1276 804 1314 fuat‘'.
866 1276 1023 1314 Trucul.
1059 1277 1158 1313 697:
1203 1275 1364 1325 ..procul
1394 1275 1485 1312 hinc
1517 1275 1748 1323 obseruabo‚

254 1347 351 1383 meis
391 1346 486 1395 quid
524 1346 693 1383 fortunis
732 1343 856 1383 fuat“.
926 1344 1015 1381 vid.
1048 1344 1154 1381 Brix.
1188 1344 1238 1381 ad
1269 1343 1388 1381 Milit.
1423 1345 1515 1381 299.
1558 1364 1606 1369 --
1658 1346 1749 1382 156.

254 1413 394 1452 uereri
414 1411 615 1462 perdidit,
648 1415 673 1452 i.
707 1427 740 1452 e.
772 1413 965 1464 pudorem
997 1413 1138 1449 amisit.
1206 1411 1431 1449 Infinitivus
1469 1425 1541 1461 pro
1572 1412 1751 1449 substan-

254 1484 358 1529 tivo,
406 1487 451 1520 ut
489 1482 601 1532 Capt.
636 1484 730 1520 726.
800 1481 912 1519 Cure.
947 1481 1011 1517 28.
1072 1480 1335 1527 Luc1·et.IV,
1377 1482 1477 1518 765:
1527 1480 1753 1526 ..Praeterea

254 1551 480 1587 meminisse
519 1548 661 1587 iacet⁴⁵.
709 1550 754 1597 V,
794 1551 919 1587 1186:
973 1549 1218 1599 „perfugium
1263 1548 1337 1586 sibi
1381 1548 1580 1586 habebant
1623 1550 1753 1586 omnia

255 1618 358 1656 divis
388 1618 586 1655 tradere··.
621 1619 670 1656 al.
705 1638 753 1643 —-
802 1620 893 1656 157.
943 1613 1245 1666 Conpendinm‚
1294 1619 1319 1654 i.
1352 1621 1383 1654 e'.
1416 1617 1579 1655 lucrum.
1641 1617 1753 1663 Quod

254 1699 327 1737 pro
354 1687 591 1724 verecundia
615 1686 903 1735 impudentiam
931 1686 1146 1734 acquisisti,
1179 1685 1331 1721 lucrum
1355 1685 1483 1722 fecisti
1512 1685 1754 1722 adulescenti

255 1768 396 1804 parum
429 1755 693 1804 optabile.—
721 1756 811 1792 158.
846 1753 988 1792 nac-tus
1014 1763 1057 1791 es·
1089 1752 1147 1790 ed.
1166 1766 1226 1802 pr.
1258 1773 1314 1777 —
1349 1755 1439 1791 159.
1478 1748 1647 1791 Occisus
1679 1754 1750 1800 est,

257 1826 283 1860 i.
319 1836 350 1859 e.
383 1824 513 1871 periit,
549 1823 595 1860 cf.
631 1825 724 1860 678.
773 1822 885 1871 Capt.
922 1823 1015 1859 534.
1063 1821 1147 1858 Cas.
1183 1822 1276 1858 662.
1323 1821 1408 1858 Mil.
1445 1823 1535 1859 172.
1601 1819 1748 1869 „Nam“

257 1892 387 1941 inquit
405 1905 441 1928 v.
462 1893 540 1929 482
575 1903 669 1939 „ego
694 1892 804 1928 illum
829 1892 977 1940 perisse
1005 1890 1103 1935 dico,
1139 1891 1232 1938 quoi
1258 1889 1414 1938 quidem
1438 1890 1561 1939 periit
1583 1887 1752 1939 pudor“.

258 1958 462 1996 Commoto
490 1960 620 1997 animo
645 1959 779 2008 Lydus
804 1958 919 1995 modo
952 1971 1080 1995 secum
1111 1958 1288 2006 loquitur
1318 1957 1434 1994 modo
1466 1957 1753 1995 adulescentem

257 2027 493 2076 alloquitur,
542 2041 611 2064 nec
643 2040 741 2077 opus
773 2032 831 2063 est
873 2040 959 2063 cum
991 2025 1203 2063 Ritschelio
1236 2039 1311 2062 vss.
1350 2025 1540 2062 159-60
1576 2025 1754 2062 versibus

262 2096 453 2132 157-58
502 2099 752 2144 anteponere.
799 2115 846 2119 —
903 2095 993 2132 162.
1054 2090 1222 2140 ..ZVI'miO
1270 2090 1444 2131 docilior
1497 2093 1586 2130 hinc
1641 2093 1755 2130 affert

258 2162 456 2200 Charisius
472 2177 510 2212 p.
535 2164 610 2200 186
628 2162 696 2200 P.‘³
718 2164 764 2201 R.
783 2183 838 2188 -—
868 2164 1072 2200 164—67.
1105 2161 1323 2199 Turbatam
1353 2163 1394 2198 in
1426 2161 1537 2199 codd.
1569 2175 1754 2198 versuum

260 2230 441 2268 ordinem
483 2244 588 2277 esse,
636 2230 751 2268 facile
792 2235 977 2280 apparet,
1026 2235 1145 2280 atque
1191 2231 1321 2279 arguit
1361 2231 1446 2279 ipse
1486 2229 1569 2266 cod.
1610 2229 1641 2266 B
1682 2229 1754 2266 hos

260 2302 447 2348 quattuor
491 2312 626 2336 versus
671 2303 779 2336 recto
824 2301 928 2335 inter
973 2312 1013 2335 se
1059 2298 1197 2335 ordine
1241 2302 1331 2348 post
1369 2310 1405 2334 v,
1443 2299 1518 2334 173
1560 2302 1752 2346 repetens.

260 2366 496 2415 Seyffertum
523 2366 633 2405 stud.
658 2380 696 2416 p.
726 2369 774 2404 10
799 2380 934 2403 versus
963 2367 1152 2404 164———65
1186 2369 1342 2416 spurios
1372 2365 1612 2402 iudicantem
1643 2366 1756 2414 sequi

259 2447 339 2471 non
361 2448 533 2484 possum.
551 2455 606 2460 ——
622 2433 793 2485 sursum,
827 2434 1059 2471 maleficium
1086 2434 1387 2480 clandestinum,
1419 2436 1464 2470 ut
1489 2435 1623 2481 κλέμμα
1651 2432 1756 2481 apud

261 2502 439 2549 Graecoe,
485 2517 521 2540 v.
560 2503 760 2540 Demosth.
804 2502 942 2540 Coron.
978 2504 1043 2539 31.
1077 2503 1125 2539 al.
1167 2522 1222 2527 —
1262 2500 1300 2540 in
1343 2501 1531 2548 aetatem,
1580 2501 1626 2539 cf.
1663 2502 1753 2538 157.

261 2570 452 2608 Teuffelio
481 2566 600 2620 (Mus.
618 2570 743 2608 Rhen.
760 2570 886 2616 XXX,
919 2583 956 2619 p.
980 2566 1077 2619 317)
1109 2583 1185 2607 vss.
1222 2571 1411 2608 164—65
1452 2573 1616 2619 propter
1655 2569 1755 2606 hanc

262 2639 565 2676 similitudinem
589 2640 744 2689 spurios
767 2638 970 2684 iudicanti,
1003 2651 1116 2675 nemo
1140 2638 1255 2674 facile
1279 2637 1450 2675 accedet.
1468 2656 1522 2662 —
1544 2638 1635 2674 167.
1668 2632 1753 2682 hac,

264 2706 371 2756 quod
403 2706 544 2754 delevi,
577 2707 690 2744 Both.
717 2711 757 2744 et
782 2706 933 2743 Ritsch.
961 2710 1049 2742 ante
1080 2715 1143 2742 me
1172 2710 1401 2754 posuerunt.
1434 2704 1558 2742 Koch.
1585 2705 1626 2741 in
1650 2703 1754 2741 Mus.

263 2773 390 2812 Rhen.
416 2774 538 2822 XXV,
569 2789 607 2825 p.
637 2776 714 2812 617
753 2772 926 2824 ⁷.Seque‘⁴
962 2772 1079 2810 scribi
1109 2773 1248 2820 voluit,
1285 2773 1520 2810 assentiente
1550 2770 1753 2808 Teuffelio.
