1854 3188
811 188 996 223 Praefatio.
1581 197 1653 235 VH

156 321 342 356 metricas
380 319 555 356 rationes
594 321 633 355 et
670 317 719 354 ad
756 331 849 355 vera
886 318 1122 355 invenienda
1161 322 1199 356 et
1239 319 1288 356 ad
1326 320 1424 358 falsa
1464 322 1651 359 evitanda

159 391 321 427 maximi
357 391 544 427 momenti
576 402 658 427 esse
689 390 886 426 neminem
916 390 1037 439 fugit3
1083 403 1217 428 verum
1249 404 1367 440 quum
1400 405 1443 429 ea
1474 406 1516 429 re
1547 406 1649 442 saepe

155 463 303 500 certior
338 462 379 498 in
416 464 532 510 poeta
570 474 686 510 quam
723 462 765 498 in
804 474 929 511 prosae
969 462 1159 499 orationis
1191 463 1386 512 scriptore
1418 464 1651 502 emendandi

157 536 225 572 via
254 533 613 580 videatur‚-tamen
643 532 706 570 hic
737 545 892 582 quoque
922 532 1007 570 fieri
1037 537 1182 583 potest,
1215 537 1261 571 ut
1291 535 1331 571 in
1362 536 1450 572 avia
1481 549 1551 573 nos
1584 536 1649 573 de-

159 605 279 643 ducat
309 605 585 643 concinnitatis
617 605 766 654 species
799 608 838 642 et
868 606 1090 642 venustatis
1121 619 1242 643 amor.
1298 606 1363 643 Me
1388 607 1544 656 quidem
1570 621 1650 645 non

158 678 288 714 minus
319 690 436 726 quam
478 680 629 714 ceteros
661 676 836 714 Plautini
874 677 1026 714 numeri
1067 677 1285 725 delectant,
1332 692 1401 715 nec
1444 679 1649 729 quisquam

158 748 360 786 ardentius
392 761 508 797 quam
539 760 609 796 ego
642 751 765 797 optat,
797 751 842 785 ut
871 761 1008 786 versus
1039 761 1194 798 quoque
1217 749 1349 787 Plauti
1377 763 1509 787 omnes
1535 752 1649 788 resti-

155 824 339 868 tuantur3
385 819 454 857 sed
491 819 701 870 cupiditati
739 821 1040 870 temperandum
1079 824 1184 868 erat,
1223 834 1313 868 nec,
1357 823 1389 858 si
1419 822 1491 860 hac
1529 824 1569 860 in
1608 837 1650 860 re

156 896 293 930 nostra
323 891 445 930 editio
477 891 756 929 Ritschelianis
794 892 956 930 inferior
986 892 1163 939 videtur,
1210 893 1440 942 ignorantiae
1484 898 1551 931 aut
1589 908 1648 932 so-

155 964 303 1002 cordiae
343 963 416 1001 hoc
456 963 711 1001 tribuendum
756 967 830 1011 est,
878 964 946 1002 sed
991 965 1170 1002 veritatis
1217 966 1350 1002 amori.
1434 966 1649 1016 Segnitiam

157 1050 284 1074 meam
315 1038 511 1083 accusant,
545 1037 612 1085 qui
642 1036 799 1084 regredi
831 1049 946 1085 quam
977 1036 1165 1085 progredi
1196 1037 1412 1075 maluerim.
1484 1038 1586 1084 Quid
1617 1040 1649 1075 si

155 1109 234 1156 illi,
282 1109 350 1158 qui
380 1121 421 1146 se
451 1108 640 1158 progredi
670 1111 834 1158 putant,
881 1110 922 1145 in
953 1111 1043 1146 avia
1074 1108 1357 1146 deverterunt?
1403 1123 1532 1147 nonne
1564 1112 1648 1148 iure

155 1181 369 1218 subsistere
400 1192 466 1217 eos
496 1179 672 1216 iubemus
704 1183 743 1216 et
774 1180 917 1228 gradus
948 1180 1161 1218 revocare?
1217 1181 1422 1229 Ingratum
1454 1195 1545 1219 sane
1577 1183 1648 1220 hoc

154 1266 256 1303 opus
288 1255 358 1299 est,
391 1252 594 1301 multoque
627 1256 665 1288 et
696 1252 848 1299 gra-tius
880 1256 918 1290 et
948 1252 1101 1290 facilius
1139 1253 1241 1290 foret
1271 1254 1374 1291 viam
1407 1267 1429 1291 a
1459 1255 1647 1304 magistro

156 1326 347 1362 munitam
378 1323 488 1372 sequi
519 1326 556 1359 et
586 1323 723 1361 lectica
754 1325 902 1371 gestari
942 1338 1056 1374 quam
1088 1339 1160 1374 per
1189 1326 1338 1363 inculta
1367 1329 1507 1377 tesqua
1537 1327 1647 1376 pedi-

153 1397 229 1434 bus
266 1395 467 1442 incedere,
514 1409 585 1432 nec
623 1409 692 1445 ego
732 1409 810 1433 non
849 1409 1023 1445 possem,
1071 1398 1103 1434 si
1142 1398 1304 1444 vellem,
1351 1398 1532 1435 Plautum
1565 1401 1647 1436 sine

154 1468 348 1516 hiatibus,
387 1469 471 1505 sine
500 1467 582 1504 ullo
613 1481 864 1506 numerorum
895 1470 1011 1516 vitio,
1053 1470 1136 1506 sine
1167 1470 1250 1507 ulla
1281 1471 1472 1507 sermonis
1505 1470 1647 1508 discre-

103 1534 108 1539 ’
153 1541 291 1590 pantia
321 1540 454 1586 edere,
492 1539 560 1576 sed
592 1539 702 1577 aliud
732 1543 791 1577 est
819 1540 981 1578 ludendi
1011 1544 1178 1590 tempus,
1213 1541 1323 1578 aliud
1354 1543 1456 1579 seria
1488 1543 1645 1592 agendi,

151 1617 192 1650 et
220 1612 290 1650 ubi
319 1612 499 1649 Plautum
531 1625 609 1648 non
641 1611 896 1649 histrionibus
934 1613 975 1649 in
1016 1625 1129 1650 scena
1168 1614 1393 1663 agentibus,
1441 1614 1509 1651 sed
1552 1616 1646 1652 viris

153 1684 342 1722 doctrinae
373 1682 559 1721 studiosis
591 1683 836 1721 exhibiturus
868 1697 974 1732 sum,
1024 1685 1128 1722 malo
1160 1685 1331 1723 lacerum
1364 1686 1547 1724 exhibere
1575 1700 1646 1724 neo

152 1759 371 1807 temporum
424 1755 577 1792 iniuriae
632 1759 830 1806 expertem
887 1769 1002 1805 quam
1056 1757 1228 1805 eleganti
1282 1758 1470 1796 novitatis
1515 1760 1645 1809 specie

154 1827 380 1866 obductum.

267 1900 461 1937 Levitatis
493 1899 610 1937 etiam
640 1913 700 1937 me
730 1900 971 1938 insimulant.
1032 1900 1078 1937 In
1108 1902 1249 1939 statuis
1280 1902 1447 1953 aliisque
1474 1903 1644 1953 antiquae

153 1973 252 2010 artis
293 1971 478 2022 operibus
517 1984 650 2009 eorum
689 1976 894 2010 accusatur
932 1973 1094 2020 levitas,
1142 1975 1209 2023 qui
1247 1976 1510 2012 recentiorum
1551 1977 1644 2012 arti-

151 2043 268 2081 ficum
299 2043 568 2081 additamenta
598 2044 646 2082 ab
678 2046 851 2095 antiquis
881 2058 961 2083 non
993 2046 1241 2094 distinguunt
1271 2046 1482 2096 limamque
1514 2048 1644 2084 omnia

152 2117 387 2165 levigantem
418 2116 614 2164 patienter
644 2117 794 2164 ferunt,
835 2120 873 2154 et
903 2130 1144 2156 marmoreas
1176 2119 1271 2155 artis
1302 2119 1496 2169 reliquias
1524 2119 1643 2157 hodie

153 2201 287 2226 omnes
328 2188 496 2225 clamant
535 2201 574 2224 se
613 2189 729 2226 malle
768 2189 944 2236 mutilas,
992 2190 1108 2227 modo
1141 2191 1352 2240 genuinas,
1400 2205 1516 2241 quam
1551 2192 1642 2228 arti-

150 2259 284 2298 ficiose
323 2262 549 2307 restitutas3
595 2263 636 2298 in
676 2260 818 2299 Plauto
861 2262 1031 2299 editores
1077 2262 1151 2300 sibi
1196 2266 1341 2312 putant
1384 2264 1503 2301 licere
1550 2264 1643 2301 lima

152 2333 283 2369 omnia
329 2331 522 2381 levigare,
577 2336 620 2370 ut
663 2345 734 2369 nec
789 2335 910 2370 caries
957 2347 1028 2371 nec
1072 2336 1171 2372 situs
1217 2348 1382 2385 usquam
1435 2340 1639 2385 appareat.

153 2403 308 2452 Quanto
350 2405 484 2441 sanior
522 2407 560 2440 et
600 2404 813 2441 modestior
852 2409 911 2442 est
948 2406 1282 2454 archaeologorum
1322 2420 1383 2444 ars
1422 2420 1550 2457 nuper
1581 2420 1643 2444 re-

151 2478 267 2525 perta
305 2488 421 2524 quam
457 2475 749 2526 philologorum
786 2490 857 2526 per
895 2478 1020 2515 multa
1050 2478 1193 2516 saecula
1225 2479 1457 2516 exercitata!
1519 2478 1643 2516 Immo

151 2548 361 2585 sententiae
393 2547 670 2595 emendentur,
716 2549 749 2586 si
779 2547 864 2586 fieri
894 2553 1046 2599 potest,
1095 2552 1278 2599 quoniam
1310 2550 1382 2587 hoc
1422 2563 1499 2587 non
1537 2549 1642 2587 facto

152 2619 253 2656 nihil
284 2619 443 2656 omnino
475 2619 731 2669 intelligitur3
765 2621 953 2658 orationis
984 2622 1094 2669 vitia,
1126 2622 1194 2660 ubi
1225 2625 1354 2660 certus
1386 2624 1425 2659 et
1457 2625 1639 2659 constans

153 2703 246 2728 usus
279 2694 354 2737 est,
386 2695 681 2739 removeantur3
713 2693 996 2742 pronuntiandi
1026 2695 1219 2732 rationem
1244 2693 1418 2731 modeste
1444 2694 1642 2731 fateamur
