1897 3171
760 188 801 222 V.
827 190 1018 223 305—329.
1551 190 1630 229 399

138 317 348 355 ediderunt
385 317 534 356 Ritsch.
575 321 613 355 et
641 317 721 364 F1.‚
768 315 1064 368 „Megalobyzi“
1110 321 1179 355 aut
1220 315 1534 367 ‚‚Megalobusi“.
1575 338 1631 343 --

140 387 232 424 307.
281 385 395 424 tanto
441 385 611 435 augendi
662 399 778 423 causa
827 386 1022 432 additum,
1076 389 1120 422 ut
1166 385 1268 424 Rud.
1314 388 1412 424 521:
1479 387 1629 434 „multo

137 457 250 492 tanto
295 452 516 491 miserior“.
598 453 718 492 Stich.
767 455 866 492 340:
933 454 1088 502 „Nimio
1137 452 1303 502 adporto
1348 455 1472 491 multo
1517 458 1630 492 tanto

136 522 226 572 plus
265 535 380 571 quam
420 519 593 571 speras“.
689 522 794 560 Men.
836 524 942 561 788:
1008 521 1162 569 „Multo
1207 524 1318 558 tauto
1364 523 1474 560 illum
1520 537 1631 561 accu-

138 590 252 637 sabo,
293 603 411 639 quam
440 593 480 627 te
512 590 713 637 accusaui,
747 588 955 640 amplius“.
1017 587 1221 628 ccwe‘orem
1252 593 1381 627 autem
1411 591 1630 629 Nicobulus

136 671 217 696 non
247 660 462 706 gratiorem
500 657 612 705 dicit,
660 658 728 695 sed
766 672 870 704 eum,
919 659 986 707 qui
1024 659 1171 695 maiore
1208 659 1338 708 pret-io
1379 663 1543 697 constat.
1576 680 1633 684 —

140 728 232 764 308.
279 726 423 764 Hiatus
460 726 612 764 vitandi
652 740 768 764 causa
808 727 958 764 Ritsch.
995 723 1149 774 „illoc“‚
1196 725 1256 764 Fl.
1303 725 1439 773 „med“
1485 727 1544 765 ed.
1577 748 1632 753 —

138 792 468 841 circumduxerit,
501 808 537 832 V.
563 795 613 832 ad
637 795 746 834 Asin.
768 797 833 834 96.
865 815 921 820 —
954 797 1046 833 309.
1079 793 1239 831 Excidit
1269 794 1433 844 aliquid.
1480 795 1629 833 Ritsch.

137 863 403 900 Hermannum
436 867 612 900 secutus:
666 863 792 910 „Quin
822 864 863 901 in
895 877 1011 913 eapse
1051 862 1146 900 aede
1188 862 1284 899 deae
1315 860 1512 910 Dianae“;
1560 876 1632 912 ego

134 927 347 980 Ephesiae
377 931 562 968 omissum
595 931 725 969 credo.
751 951 807 956 ——
835 932 927 969 310.
951 928 1191 980 publicitus,
1224 931 1392 980 publice,
1425 945 1460 969 v.
1487 932 1630 981 Amph.

141 1001 230 1037 160.
293 999 405 1045 Quod
445 999 495 1036 ad
525 988 608 1037 rem
640 1001 799 1046 attinet,
839 999 915 1037 Dio
948 1000 1083 1048 Chrys.
1115 999 1202 1036 loco
1236 1013 1354 1049 supra
1384 1000 1544 1037 laudato
1578 1002 1633 1037 sic

136 1068 283 1117 pergit:
328 1067 455 1104 οῧκοῦν
487 1068 538 1104 ὅτι
567 1070 632 1116 μὲν
663 1072 698 1104 ἐν
729 1070 832 1117 κοινῷ
861 1072 968 1104 κεῖται
1000 1069 1043 1103 τὰ
1072 1068 1237 1116 χρήματα
1270 1067 1375 1113 δῆλόν
1406 1071 1508 1104 ἐστιν·
1542 1068 1632 1104 ἀλλὰ

136 1136 196 1173 καὶ
214 1136 368 1184 δημοσίᾳ
393 1137 481 1173 κατὰ
505 1137 566 1178 τὰς
592 1136 810 1186 ἀπογραφὰς
834 1137 922 1178 ἔθος
947 1136 1035 1172 αὐτὰ
1060 1139 1131 1177 τοῖς
1146 1136 1322 1182 Ἐφεσίοις
1342 1136 1630 1186 ἀπογράᾳεσθαι

137 1209 299 1243 001..-
347 1205 440 1242 311.
488 1201 568 1254 hic,
606 1204 792 1251 Athenis,
840 1204 947 1255 apud
983 1217 1057 1242 me.
1103 1223 1151 1229 —
1204 1205 1295 1241 312.
1350 1205 1495 1241 Hiatus
1542 1208 1634 1254 post

135 1270 293 1311 nihilne
322 1271 497 1320 („nilne“
518 1271 868 1323 pronuntiandum)
901 1273 966 1310 vix
996 1273 1093 1309 ferri
1123 1276 1266 1322 potest.
1313 1272 1481 1321 Pylades
1511 1271 1627 1319 „uos“

137 1341 320 1388 addebat,
347 1341 480 1379 Herm.
498 1340 544 1379 R.
563 1341 622 1379 Fl.
647 1339 784 1388 „huc“,
809 1341 967 1378 Muller.
992 1339 1138 1387 „eius“.
1157 1361 1212 1365 —
1232 1341 1324 1378 313.
1358 1338 1495 1387 etiam,
1530 1341 1632 1377 affir-

137 1411 280 1447 mantis
313 1414 386 1457 est,
419 1410 466 1447 cf.
498 1409 640 1460 Amph.
677 1410 769 1447 540.
800 1429 856 1434 -—
891 1397 981 1447 317}
1020 1406 1228 1458 Qeccmtum
1260 1405 1364 1446 illim
1397 1409 1511 1447 Both.
1545 1423 1631 1457 em.,

135 1479 161 1516 i.
195 1491 228 1516 e.
260 1478 388 1525 illinc,
436 1477 483 1515 cf.
515 1477 620 1515 Men.
654 1479 748 1515 787.
809 1477 927 1515 Poen.
970 1478 1064 1515 452.
1108 1479 1202 1515 990.
1263 1477 1378 1515 Lucr.
1410 1477 1486 1524 ΙΙΙ,
1531 1478 1631 1515 881:

139 1560 290 1595 „neque
328 1546 431 1583 enim
470 1559 512 1583 se
553 1542 871 1583 dividitillim‘ss
902 1565 958 1570 —
999 1546 1090 1583 318.
1131 1541 1291 1591 Etiam,
1338 1547 1630 1595 interrogantis,

136 1614 214 1652 vid.
249 1614 299 1651 ad
328 1614 437 1651 Asin.
472 1614 564 1651 669.
596 1614 701 1651 infra
735 1615 826 1652 329.
861 1634 914 1638 —
948 1615 1040 1651 321.
1079 1610 1174 1660 wisi,
1215 1613 1293 1651 vid.
1327 1613 1377 1650 ad
1412 1613 1502 1650 Aul.
1539 1614 1630 1651 357.

135 1703 191 1707 —
224 1684 315 1720 326.
379 1678 542 1730 adferat
571 1683 727 1731 scripsi,
768 1695 858 1719 nam
888 1681 1052 1719 Plautus
1084 1681 1241 1718 modum
1274 1681 1512 1718 secundariae
1545 1695 1631 1718 sen-

134 1751 271 1788 tentiae
304 1750 352 1788 ad
383 1751 611 1801 primariam
642 1750 935 1788 accommodare
966 1750 1078 1796 solet,
1113 1749 1159 1787 cf.
1186 1749 1236 1786 ad
1259 1749 1349 1787 Aul.
1370 1751 1471 1795 2703
1514 1750 1631 1798 vulgo

135 1819 398 1857 Camerarium
430 1821 574 1856 secuti:
625 1817 847 1867 „adferet“.
887 1838 944 1842 —
985 1819 1076 1855 327.
1120 1817 1156 1855 ez‘
1185 1817 1300 1855 Both.
1335 1817 1513 1864 delebat,
1562 1816 1631 1854 sed

137 1886 184 1925 cf.
220 1887 268 1924 ad
291 1887 403 1925 Asin.
438 1888 530 1925 697.
565 1906 613 1912 —
651 1888 743 1925 328.
777 1886 963 1924 Ordinem
995 1885 1204 1923 verborum
1237 1899 1322 1922 cum
1354 1885 1469 1922 Both.
1497 1885 1542 1923 R.
1568 1885 1628 1922 Fl.

135 1956 382 1993 mutavimus.
413 1975 469 1980 -—
502 1957 594 1993 329.
633 1952 764 2004 Qudne
793 1955 907 1992 Both.
941 1968 1012 1992 em.
1046 1953 1095 1991 ad
1126 1967 1239 1991 usum
1269 1954 1516 2001 Plautinum,
1548 1953 1628 1991 vid.

134 2023 184 2060 ad
214 2023 355 2073 Amph.
391 2024 484 2061 690.
559 2023 614 2062 Ut
650 2024 846 2060 vit-aretur
883 2023 1015 2060 hiatus
1053 2026 1144 2071 post
1180 2020 1341 2068 .,auro“,
1384 2021 1470 2059 edd.
1503 2025 1630 2058 trans-

133 2095 352 2141 posuerunt
375 2091 506 2139 verba,
539 2092 649 2129 velut
673 2091 753 2129 FL:
792 2091 940 2138 „Quinc
970 2090 1112 2128 habeat
1143 2088 1280 2128 auro“.
1299 2090 1628 2138 ——Suppacz‘mm

134 2159 260 2206 Quum
304 2160 442 2197 rustici
486 2163 525 2197 et
568 2159 713 2196 milites
759 2159 895 2206 caligis
939 2158 1150 2196 fulmentas
1190 2158 1310 2195 clavis
1349 2159 1632 2208 suppingerent

135 2226 327 2275 (Trinum.
358 2224 477 2274 720),
524 2227 630 2276 quod
660 2227 955 2277 Theophrastus
986 2226 1100 2264 Char.
1133 2227 1157 2263 4
1190 2226 1373 2276 ἀγροικίας
1414 2239 1498 2263 esse
1533 2225 1630 2262 dicit

135 2293 198 2342 (of.
225 2295 442 2334 Comment.
469 2299 592 2333 nostr.
617 2309 656 2345 p.
685 2297 734 2333 82
764 2298 802 2332 et
837 2293 952 2343 132),
994 2295 1190 2344 Josephus
1222 2295 1265 2332 B.
1298 2294 1388 2332 Jud.
1424 2294 1486 2340 VI,
1531 2295 1564 2339 1,
1600 2294 1621 2330 8

132 2364 403 2413 gregariorum
432 2364 604 2401 militum
638 2361 703 2411 (cf.
729 2363 830 2401 Plin.
858 2363 961 2401 Hist.
986 2366 1068 2400 nat.
1095 2363 1164 2409 IX,
1202 2364 1264 2409 18,
1301 2363 1363 2408 33,
1400 2363 1463 2398 69.
1496 2361 1626 2398 Edict.

132 2431 255 2469 Diocl.
289 2445 375 2482 cap.
409 2427 485 2480 9.)‚
518 2435 602 2469 tum
635 2432 921 2481 elegantiorum
952 2431 1154 2469 hominum
1187 2430 1357 2479 crepidis
1388 2429 1471 2466 sola
1502 2429 1626 2464 mino-

131 2499 242 2537 ribus
269 2499 390 2537 clavis
414 2499 699 2549 adfigebantur.
746 2499 916 2549 Insignis
941 2503 982 2536 et
1011 2499 1177 2550 perditae
1209 2498 1374 2535 luxuriae
1408 2496 1627 2545 exemplum

133 2567 294 2605 affertur
336 2567 590 2617 „Hagnonem
623 2567 771 2614 Teium,
803 2567 1022 2605 Alexandri
1052 2567 1183 2614 magni
1215 2564 1463 2617 praefectum,
1497 2565 1627 2601 aureis

133 2636 254 2673 clavis
286 2634 468 2683 suffigere
501 2635 678 2684 crepidas
710 2636 872 2673 solitum
903 2633 1011 2673 esse“
1049 2633 1167 2682 (Plin.
1202 2633 1249 2669 H.
1282 2632 1329 2669 N.
1362 2631 1553 2677 XXXIII,
1589 2633 1623 2677 3,

135 2704 199 2750 14,
235 2705 298 2741 50.
359 2703 501 2741 Athen.
533 2702 629 2749 XII,
661 2716 698 2752 p.
735 2705 811 2741 539
847 2702 901 2751 c);
948 2704 980 2740 si
1020 2706 1151 2740 autem
1188 2699 1285 2736 fides
1324 2699 1480 2736 Valerio
1519 2699 1624 2736 Max.

131 2770 200 2819 IX,
239 2772 273 2818 1,
297 2770 387 2808 Ext.
423 2772 460 2818 4,
499 2771 707 2818 „Antiochi
732 2784 871 2809 caecam
903 2775 942 2809 et
973 2773 1170 2808 amentem
1203 2768 1396 2804 luxuriam
1431 2768 1626 2804 exercitus
