1854 3188
141 193 212 237 HI,
228 194 259 237 5,
276 194 374 236 1-6‚
387 194 409 227 S
786 192 997 227 Bacchides.
1582 197 1631 235 93

486 346 871 416 PlsTOCLERUs
903 372 1286 416 ADULEsCENs.

140 478 284 521 Rebus
316 477 412 519 aliis
444 481 710 527 anteuortar,
741 475 936 526 Bacchis,
969 490 1077 528 quae
1109 475 1289 517 mandas
1322 477 1439 527 mihi,

140 549 452 591 Mnesilochum
482 553 530 590 ut
559 549 779 603 requiram
810 552 939 602 atque
977 552 1025 589 ut
1058 540 1161 589 'eum
1197 562 1366 589 mecum
1399 549 1453 590 ad
1484 554 1527 591 te
1562 549 1635 591 ad-

1094 619 1247 661 ducam
1279 620 1416 661 simul.
1573 633 1637 665 525

140 693 267 734 Nunc
296 692 404 734 illud
434 693 604 734 animus
636 706 755 733 meus
788 693 982 743 miratur⁷
1014 692 1049 732 si
1081 706 1105 732 a
1138 706 1204 734 me
1236 693 1382 745 tetigit
1412 693 1600 744 nuntius

143 765 256 816 Quid
285 769 539 807 remoretur.
587 764 677 815 Ibo,
709 768 758 805 ut
783 765 924 806 uisam
947 764 1031 805 huc
1058 764 1114 805 ad
1139 778 1249 815 eum,
1283 765 1319 805 si
1335 764 1490 806 fortest
1509 765 1636 806 domi.

142 960 540 1004 MNESILOCHUS
577 960 978 1013 PISTOCLERUS,
1017 960 1460 1003 ADULESCENTES
1502 961 1629 1003 DL'o.

709 1063 1077 1105 Mnesilochus

144 1135 330 1178 Reddidi
360 1136 474 1189 patri
507 1150 630 1178 omne
662 1149 835 1187 aurum;
868 1149 982 1177 nunc
1016 1150 1094 1190 ego
1127 1136 1250 1178 illam
1282 1151 1348 1177 me
1380 1136 1509 1178 uelim

143 1207 398 1259 Conuenire,
431 1212 662 1262 postquam
685 1208 826 1249 inanis
852 1222 958 1258 sum,
992 1209 1348 1262 contemptricem
1376 1222 1527 1249 meam.

147 1279 232 1322 Sed
255 1280 428 1321 ueniam
451 1279 556 1322 mihi
581 1294 711 1333 quam
738 1284 917 1334 grauate
942 1286 1067 1334 pat-er
1093 1280 1212 1322 dedit
1239 1280 1290 1322 de
1309 1280 1537 1334 Chrysalo!
1577 1292 1641 1324 530

145 1352 306 1394 Uerum
337 1356 554 1407 postremo
586 1352 817 1406 inpetraui,
850 1357 897 1394 ut
927 1366 980 1394 ne
1014 1352 1118 1405 quid
1151 1353 1191 1394 ei
1224 1357 1490 1394 suscenseat.

728 1439 1066 1482 Pistoclerus

146 1511 280 1554 Estne
311 1511 381 1553 hic
413 1526 530 1554 meus
563 1511 755 1554 sodalis?

712 1598 1083 1641 Mnesilochus

641 1671 777 1713 Estne
808 1671 878 1712 hic
912 1671 1063 1720 hostis,
1097 1684 1224 1723 quem
1256 1669 1461 1724 adspicio,
1493 1671 1642 1712 meus?

726 1757 1067 1799 Pistoclerus

151 1830 280 1872 Certe
311 1831 347 1872 is
379 1834 458 1872 est.

717 1901 1080 1943 Mnesilochus

495 1974 536 2015 Is
567 1979 643 2016 est.

728 2045 1068 2087 Pistoclerus

652 2117 791 2159 Adibo
824 2123 976 2160 contra
1006 2122 1049 2159 et
1082 2116 1307 2158 contollam
1339 2116 1532 2169 gradum.

151 2187 305 2230 Saluos
338 2188 409 2239 sis,
441 2188 718 2231 Mnesiloche.

712 2261 938 2303 Mnesilo
951 2260 1075 2303 chus

682 2331 823 2374 Salue.

727 2404 812 2446 Pis
824 2409 842 2446 t
852 2418 875 2446 o
888 2419 910 2446 c
920 2404 935 2445 l
946 2418 967 2446 e
980 2418 1038 2446 ru
1047 2418 1066 2445 s

819 2475 972 2518 Saluos
1005 2489 1135 2529 quom
1167 2489 1348 2529 peregre
1380 2473 1570 2523 aduenis,

152 2545 268 2588 Cena
299 2546 437 2589 detur.

242 2715 307 2750 525
331 2719 442 2759 atque
469 2728 550 2751 eum
573 2716 610 2751 A
689 2717 755 2751 526
779 2715 873 2750 Nam
897 2716 965 2751 BC
1034 2717 1099 2751 527
1125 2718 1342 2750 remoratur.
1373 2714 1439 2748 Ibo
1466 2717 1502 2747 et
1526 2714 1641 2747 uisam

150 2770 220 2806 BC
293 2773 359 2806 523
385 2784 452 2817 ego
478 2783 542 2808 om.
568 2773 604 2807 A
667 2774 731 2808 532
756 2784 860 2807 meus
884 2772 1002 2807 hostis
1029 2784 1137 2816 quem
1163 2771 1296 2816 aspitio
1325 2769 1355 2805 C
1424 2771 1488 2804 533
1514 2769 1643 2804 tollam
