1854 3188
187 194 216 238 I,
232 197 262 238 2,
277 195 412 229 35—50
776 245 780 249 ⁵
866 194 1018 240 captiui.
1602 202 1681 242 153

850 320 1018 374 Hegio

185 392 393 447 Ergasile‚
427 392 560 435 salue.

797 464 1078 517 Ergasilus

622 536 677 577 Di
706 540 749 578 te
781 536 890 578 bene
923 541 1078 589 ament,
1110 536 1260 591 Hegio.

852 608 1022 662 Hegio

186 681 250 722 Ne
282 679 348 723 fle.

794 752 1079 805 Ergasilus

417 824 565 877 Egone
597 823 718 866 illum
748 838 833 866 non
865 824 1019 866 fleam?
1053 838 1131 878 ego
1163 839 1250 867 non
1282 823 1464 867 defleam

186 896 334 938 Talem
367 896 721 938 adulescentem?

855 967 1022 1021 Hegio

800 1040 979 1095 Semper
1009 1041 1122 1083 sensi
1152 1040 1239 1083 filio
1618 1055 1684 1088 140

185 1112 281 1154 Meo
315 1118 357 1155 te
390 1126 484 1154 esse
516 1112 701 1155 amioum
734 1118 776 1155 et
806 1113 924 1154 illum
957 1113 1152 1155 intellexi
1182 1113 1274 1155 tibi.

794 1185 1080 1238 Ergasilus

185 1257 292 1298 Tum
325 1257 510 1312 denique
541 1256 736 1299 homines
769 1263 921 1299 nostra
952 1258 1245 1312 intellegimus
1276 1257 1403 1309 bona,

187 1328 335 1381 Quom,
368 1343 480 1383 quae
511 1329 554 1370 in
585 1334 807 1383 potestate
839 1330 1082 1381 habuimus,
1117 1343 1168 1372 ea
1200 1330 1435 1371 amisimus.

184 1401 290 1454 Ego,
321 1405 552 1456 postquam
581 1406 741 1455 gnatus
773 1408 872 1443 tuus
904 1402 1089 1456 potitust
1121 1401 1323 1452 hostium,

185 1474 414 1528 Expertus,
447 1474 597 1527 quanti
628 1473 773 1526 fuerit,
807 1488 921 1516 nuno
953 1474 1167 1515 desidero.
1621 1486 1686 1520 145

853 1547 1021 1600 Hegio

186 1618 366 1660 Alienus
400 1632 531 1673 quom
562 1618 654 1660 eius
686 1618 1009 1660 incommodum
1041 1623 1133 1660 tam
1164 1632 1292 1672 aegre
1322 1617 1450 1670 feras,

187 1689 301 1739 Quid
332 1704 398 1732 me
430 1694 600 1745 patrem
632 1704 712 1745 par
742 1690 941 1741 faoerest,
975 1692 1076 1745 quoi
1107 1690 1224 1733 illest-
1257 1691 1439 1733 unicus?

787 1762 1080 1816 Ergasilus

182 1833 360 1876 Alienus
393 1835 499 1889 ego?
547 1834 716 1876 alienus
748 1835 841 1876 illi?
889 1835 955 1886 ah,
987 1834 1136 1889 Hegio,
1321 1881 1324 1885 ,

183 1905 431 1960 Numquam
461 1907 575 1949 istuc
608 1906 717 1949 dixis
749 1921 888 1961 neque
921 1908 1113 1949 animum
1145 1907 1318 1949 induxis
1350 1911 1486 1949 tuum.

185 1977 281 2020 Tibi
312 1966 385 2020 ille
417 1979 605 2032 unicust,
636 1979 740 2021 mihi
772 1980 903 2022 etiam
937 1981 1065 2022 unico
1097 1980 1233 2034 magis
1265 1980 1432 2021 unicus.
1619 1991 1684 2025 150

851 2052 1021 2106 Hegio

185 2121 348 2174 Laudo,
379 2123 540 2166 malum
572 2137 702 2176 quom
734 2124 861 2166 amici
892 2129 1011 2165 tuum
1046 2123 1166 2166 ducis
1199 2124 1371 2166 malum.

184 2192 309 2236 Nunc
334 2194 452 2237 >habe
483 2194 643 2237 bonum
677 2197 877 2238 animum.

795 2267 1077 2323 Ergasilus

940 2340 1081 2381 Eheu!

852 2412 1022 2465 Hegio

990 2485 992 2487 ’
1146 2484 1257 2526 Huic
1289 2483 1397 2525 illud
1429 2483 1558 2534 dolet,

186 2554 296 2605 Quia
325 2569 440 2598 nuno
469 2557 677 2598 remissus
711 2561 774 2598 est
807 2556 966 2598 edundi
1001 2558 1228 2599 exereitus.

277 2725 340 2759 138
364 2724 465 2769 Ergo
491 2725 558 2760 sile
637 2727 700 2760 139
723 2726 833 2770 Egon
857 2738 902 2761 ne
928 2726 1033 2761 illum
1059 2738 1135 2762 non
1160 2725 1296 2760 fleam?
1324 2735 1441 2769 egone
1465 2735 1542 2760 non
1615 2727 1677 2760 143

185 2779 348 2825 Cumque
444 2783 508 2816 144
533 2782 668 2817 ostium
772 2785 834 2817 145
860 2783 995 2818 fuerint
1093 2785 1156 2818 148
1180 2782 1243 2816 ille
