1897 3171
758 211 801 246 V.
830 213 1019 247 874—905.
1550 215 1575 252 4
1581 213 1603 252 3
1611 215 1629 252 l

145 343 266 382 aedem
298 344 572 381 commemorat
601 340 737 378 Livius
767 340 939 387 XXXII,
974 342 1038 378 29.
1098 340 1301 378 Nocturna
1331 341 1490 389 fulgura
1521 339 1633 377 Sum-

143 411 266 457 mani,
313 409 454 448 diurna
491 405 594 446 Iovis
639 408 775 446 habita
821 422 922 455 esse,
964 409 1107 446 Festus
1138 422 1178 458 p.
1212 410 1305 446 229.
1338 428 1393 434 —-
1426 409 1518 446 892.
1563 418 1634 445 au-

146 474 349 517 scultatur
379 477 507 524 codd„
549 478 616 526 qui
654 490 766 514 error
804 475 980 514 ostendit
1009 477 1199 525 scriptum
1229 477 1350 513 fuisse
1384 473 1633 522 auscuZMur,

147 546 195 584 de
226 559 305 595 qua
335 545 462 583 forma
491 559 527 583 v.
552 545 659 582 Fest.
684 544 757 594 Ep.
783 557 821 594 p.
850 545 914 582 28.
962 544 1139 581 Priscian
1170 544 1199 591 I,
1235 545 1298 582 52.
1346 544 1468 581 Extat
1501 543 1636 580 eadem

146 615 185 651 in
216 614 473 664 palimpsesto
504 612 765 650 Ambrosiano
790 612 918 650 Plaut.
945 612 1030 650 Mil.
1066 613 1157 650 392.
1193 613 1285 650 393.
1318 612 1411 657 403,
1443 612 1483 648 in
1515 611 1637 648 omni-

145 682 219 719 bus
252 681 363 720 codd.
388 681 510 719 Mero.
540 682 631 720 562.
660 679 750 718 566.
779 679 871 718 733.
905 700 957 705 -—
989 690 1118 730 neque
1148 676 1254 718 illud
1284 677 1394 729 quod
1417 677 1500 717 diez·
1523 676 1635 716 solet.

147 749 284 788 Lamb.
318 752 495 787 enarrat:
541 761 692 798 „neque
723 749 890 796 subigit3
929 748 1089 786 verbum
1122 751 1238 798 turpe
1269 745 1433 785 tacuit“.
1494 747 1637 784 Verum

147 819 179 855 si
209 817 287 855 dici
317 818 436 863 solet,
477 831 544 855 cur
581 815 716 854 tacet?
776 816 898 853 Immo
937 816 1186 853 scribendum
1226 819 1312 853 erat
1348 828 1498 863 „neque
1531 814 1638 864 quod

147 899 226 923 non
258 885 336 923 dici
375 882 517 924 solet“.
586 884 758 922 Facilius
800 884 1030 932 corrigitur:
1084 897 1232 933 „neque
1270 883 1370 920 illud
1409 882 1514 932 quod
1553 882 1639 919 fieri

149 951 291 992 solet“.
331 973 387 979 —
427 954 519 992 895.
565 953 661 990 Post
700 962 834 990 arcem
870 952 1001 990 hiatus
1042 955 1083 990 in
1115 965 1274 989 caesura.
1334 951 1467 988 Herm.
1500 951 1545 989 R.
1579 951 1639 987 Fl.

154 1019 291 1069 „hine“
328 1021 489 1060 addunt.
559 1021 803 1058 Athenarum
835 1020 1027 1069 ἀκρόπολις
1058 1019 1321 1068 significatur,
1363 1017 1472 1057 cedes
1510 1023 1639 1056 autem

151 1089 168 1126 ὅ
206 1090 410 1139 Παρθενών
447 1089 739 1138 magnificentia
779 1093 817 1125 et
858 1092 941 1125 arte
988 1088 1263 1135 celeberrima,
1310 1088 1503 1137 imprimis
1548 1087 1641 1124 Deae

153 1158 377 1204 simulacro,
410 1157 514 1207 quod
545 1156 707 1194 Phidias
740 1170 787 1193 ex
818 1170 912 1194 auro
945 1159 983 1194 et
1015 1156 1129 1193 ebore
1160 1156 1265 1193 fecit.
1297 1176 1353 1181 —
1394 1157 1486 1193 896.
1528 1155 1643 1192 estne

152 1222 221 1274 ibi,
253 1226 332 1264 vid.
367 1225 417 1262 ad
455 1225 596 1276 Amph.
634 1226 702 1271 173
751 1225 1038 1262 coniunctivum
1076 1226 1285 1273 requirunt
1324 1227 1363 1261 et
1402 1223 1641 1260 Fuhrmann.

149 1294 290 1331 Annal.
322 1293 418 1343 phil.
451 1293 527 1341 CV,
558 1307 597 1344 p.
632 1295 732 1339 825,
779 1295 847 1342 qui
891 1295 948 1340 „i,
989 1292 1079 1330 uide
1121 1293 1223 1329 sitne
1262 1290 1339 1329 ibi“
1377 1292 1557 1337 coniicit,
1606 1294 1645 1327 et

150 1362 312 1400 Becker.
338 1363 378 1399 in
395 1361 570 1400 Studem.
588 1360 700 1399 Stud.
720 1361 749 1408 Ι,
778 1362 869 1408 206.
897 1362 982 1411 qui:
1020 1362 1128 1409 „uise
1153 1362 1255 1398 sitne
1280 1357 1375 1398 ibi“.
1404 1380 1452 1384 --
1481 1361 1559 1396 897
1585 1372 1642 1407 sq.

150 1430 404 1469 Cleomachus
436 1430 486 1467 ad
515 1430 585 1467 has
617 1442 739 1479 nugas
770 1443 848 1466 non
878 1429 1112 1478 respondet,
1157 1442 1226 1466 nec
1258 1428 1364 1466 aliud
1398 1428 1491 1477 agit,
1527 1440 1643 1476 quam

151 1502 196 1537 ut
225 1499 430 1548 pecuniam
461 1500 640 1547 accipiat.
701 1497 830 1543 Quare
870 1497 919 1534 ad
956 1497 1084 1534 forum
1125 1511 1165 1534 se
1207 1498 1354 1534 iturum
1387 1499 1426 1532 et
1455 1495 1527 1532 hoc
1558 1495 1643 1544 ipso

154 1567 217 1604 die
248 1580 386 1604 aurum
423 1566 501 1603 sibi
538 1566 774 1615 promissum
817 1568 1047 1602 exacturum
1089 1565 1205 1611 dicit,
1253 1565 1299 1602 cf.
1337 1565 1463 1606 1057;
1511 1576 1644 1612 quam-

154 1648 268 1684 quam
294 1634 555 1685 posteriorem
579 1635 811 1670 sententiam
840 1634 1019 1684 plerique
1051 1633 1377 1680 interrogativam
1408 1631 1572 1668 faciunt.
1593 1650 1641 1656 —

153 1703 196 1740 tu
232 1716 372 1740 versus
414 1715 531 1740 causa
569 1702 614 1739 R.
661 1702 807 1751 aliique
854 1701 1104 1739 addiderunt.
1137 1720 1193 1725 —
1235 1702 1327 1738 899.
1377 1696 1444 1737 Ne
1489 1712 1644 1736 causam

152 1771 321 1819 indicat,
361 1783 428 1808 cur
469 1769 741 1807 antecedentia
779 1769 939 1807 dixerit.
1000 1769 1144 1806 Deesse
1177 1768 1326 1818 aliquid
1358 1770 1536 1817 apparet.
1598 1766 1643 1803 R.

151 1839 424 1876 Hermannum
470 1840 646 1875 secutus:
705 1837 787 1883 „Ne
834 1838 1074 1887 supplicare,
1121 1837 1238 1874 homo
1281 1835 1414 1883 nihili,
1461 1835 1536 1871 tibi
1574 1847 1645 1872 nos

154 1904 350 1944 censeas“.
410 1906 550 1943 Malim
589 1906 752 1955 propius
795 1919 816 1942 a
848 1906 960 1943 codd.
994 1910 1061 1943 aut
1098 1918 1217 1942 unum
1249 1914 1325 1942 ποις
1355 1903 1510 1950 addere,
1556 1905 1643 1939 aut:

157 1974 238 2023 „Ne
265 1975 480 2025 supplicari
506 1987 663 2012 censeas
686 1973 771 2021 tibi,
804 1974 918 2010 nihili
942 1971 1099 2012 homo“.
1121 1993 1168 1998 --
1200 1974 1292 2010 900.
1322 1981 1397 2020 per
1421 1972 1461 2007 in
1485 1970 1645 2007 iurandi

152 2043 330 2080 formulis
361 2055 465 2093 saepe
495 2043 733 2092 interposito
764 2043 997 2092 pronomine
1029 2041 1076 2078 ab
1102 2054 1166 2088 eo,
1208 2040 1314 2089 quod
1338 2040 1461 2087 regit,
1494 2042 1539 2075 ut
1563 2039 1600 2076 h.
1618 2038 1643 2075 l.

155 2108 262 2158 deos,
297 2110 515 2157 divellitur,
550 2110 596 2148 cf.
629 2109 734 2147 Men.
770 2111 871 2147 969:
925 2109 1023 2153 „Per
1054 2121 1125 2157 ego
1156 2108 1270 2146 uobis
1302 2107 1395 2145 deos
1428 2110 1545 2156 atque
1577 2106 1644 2143 ho-

152 2180 275 2216 mines
308 2176 435 2217 dico“.
496 2178 585 2216 Ter.
617 2178 741 2216 Andr.
777 2179 868 2215 538.
904 2178 996 2215 834.
1057 2177 1175 2225 Verg.
1207 2177 1298 2214 AEn.
1331 2175 1386 2222 X,
1423 2175 1514 2212 369.
1551 2175 1642 2211 597.

153 2246 238 2285 Liv.
270 2246 416 2293 XXIX,
454 2248 515 2292 18,
551 2247 595 2283 9:
640 2259 734 2295 „per
763 2259 833 2283 vos
865 2244 979 2282 fidem
1011 2248 1192 2292 vestram,
1224 2248 1356 2294 patres
1390 2239 1642 2290 conscripti“.

152 2332 209 2341 *-
239 2316 333 2353 902.
365 2314 462 2351 Post
490 2311 602 2352 intro
633 2313 775 2360 hiatus,
810 2313 856 2351 cf.
883 2313 991 2351 Trin.
1013 2314 1082 2351 10:
1121 2313 1223 2362 „Sed
1249 2326 1294 2349 ea
1318 2312 1392 2348 huc
1417 2310 1511 2360 quid
1535 2311 1642 2346 intro

153 2383 244 2419 ierit
280 2382 441 2432 inpulsu
479 2378 604 2419 meo“.
675 2381 785 2427 Quod
832 2395 951 2431 quum
994 2380 1081 2418 fieri
1126 2394 1241 2431 posse
1280 2382 1442 2428 negaret
1479 2376 1641 2422 Ritsch.,

153 2449 260 2488 Prol.
286 2449 394 2487 Trin.
419 2463 458 2500 p.
483 2450 586 2488 CLX
622 2449 747 2496 „Quid
780 2462 824 2486 eo
855 2446 969 2487 nam“
1004 2450 1174 2499 scripsit.
1210 2468 1266 2473 —
1301 2448 1394 2484 903.
1428 2442 1487 2482 Sic
1516 2440 1642 2492 facta,

153 2517 227 2555 hoe
257 2517 394 2555 ordine
425 2517 669 2555 Camerarius
706 2531 824 2555 versu
861 2517 1041 2564 iubente;
1089 2516 1137 2554 cf.
1171 2515 1220 2553 ad
1250 2514 1393 2563 Amph.
1428 2514 1530 2559 2903
1585 2508 1645 2548 Sic

155 2585 257 2623 enim
287 2585 442 2635 vulgari
474 2586 716 2624 abundantia
745 2586 940 2636 repetitur
968 2584 1098 2622 verbis
1130 2581 1184 2622 acl
1220 2579 1326 2620 hunc
1362 2578 1546 2625 modum,
1595 2578 1641 2615 cf.

155 2652 242 2691 Cas.
270 2654 368 2692 594:
405 2653 529 2701 „Quoi
560 2655 613 2691 sic
637 2657 698 2691 tot
723 2655 867 2691 amanti
891 2654 1048 2691 obuiam
1074 2653 1263 2689 eueniunt
1287 2645 1460 2686 morae“.
1508 2646 1641 2683 Herm.

154 2720 202 2759 R.
231 2721 293 2760 Fl.
328 2719 438 2770 ‚,hic“
476 2723 695 2771 corrigunt,
735 2722 941 2759 inutiliter.
979 2740 1035 2745 ——
1076 2721 1169 2757 905.
1209 2715 1256 2754 in
1287 2726 1376 2754 eum
1408 2713 1559 2761 dicere,
1607 2714 1643 2750 ei
