1854 3188
218 197 269 235 ’76
906 196 1030 232 Plauti
1441 199 1490 245 II,
1504 203 1535 245 2,
1548 202 1671 245 43-3,
1684 202 1708 236 4

813 321 1108 376 Chrysalus

214 391 357 443 Atque
389 404 437 432 eo
468 390 654 434 fortasse
683 393 771 435 iam
804 408 911 448 opus
942 399 1019 436 est.

794 466 1131 509 Pistoclerus

989 539 1125 580 Immo
1157 540 1287 581 etiam
1317 541 1457 595 prius;

214 606 324 648 Nam
353 607 440 649 iam
471 606 553 648 huc
585 608 788 650 adueniet
818 609 955 655 miles,

817 680 1103 734 Chrysalus

1007 753 1063 794 Et
1093 753 1216 794 miles
1249 754 1454 807 quidem?

796 823 1134 866 Pistoclerus

214 893 297 944 Qui
329 894 380 935 de
412 894 657 936 amittunda
687 895 903 936 Bacchide
935 910 1088 937 aurum
1119 897 1190 938 1110
1221 898 1364 951 exigit.
1635 913 1705 946 220

811 965 1112 1020 Chrysalus

213 1038 383 1089 Ueniat,
418 1038 589 1092 quando
620 1038 723 1089 uolt,
756 1042 887 1092 atque
918 1039 981 1080 ita
1011 1054 1063 1080 ne
1094 1040 1200 1082 mihi
1233 1042 1289 1083 sit
1319 1056 1478 1085 morae.

212 1111 401 1162 Domist3
434 1125 519 1153 non
552 1115 697 1151 metuo
728 1124 806 1151 nec
838 1106 1073 1164 quoiquam
1106 1113 1311 1166 supplico,

213 1184 325 1224 Dum
357 1183 531 1235 quidem
560 1181 642 1223 1100
673 1182 839 1224 ualebit
870 1191 1021 1237 pectus
1053 1184 1236 1238 perfidia
1266 1200 1420 1228 meum.

212 1255 294 1296 Abi
326 1256 462 1306 intr03
496 1268 573 1308 ego
604 1255 674 1296 hic
706 1255 880 1296 curabo.
943 1255 1006 1296 Tu
1036 1257 1154 1298 intus
1187 1257 1318 1300 dicito

213 1326 524 1369 Mnesilochum
557 1327 711 1368 adesse
743 1327 965 1368 Bacchidi.

785 1398 1131 1441 Pistoclerus

1017 1471 1203 1525 Faciam,
1235 1478 1282 1514 ut
1314 1473 1450 1516 iubes.
1637 1486 1706 1520 225

813 1541 1106 1597 Chrysalus

209 1614 442 1667 Negotium
472 1615 553 1656 hoc
587 1614 641 1657 ad
672 1629 738 1656 me
772 1614 939 1656 adtinet
970 1616 1202 1657 aui-arium.

209 1685 327 1727 Mille
360 1691 402 1728 et
433 1686 640 1729 ducentos
672 1686 918 1741 Philippum
951 1687 1185 1729 adtulimus
1216 1702 1373 1731 aureos

211 1758 396 1812 Epheso,
431 1772 538 1812 quos
571 1759 727 1813 hospes
760 1759 910 1800 debuit
940 1765 1092 1801 nostro
1125 1761 1237 1812 seni3

211 1830 315 1872 Inde
348 1844 424 1885 ego
457 1831 585 1872 hodie
618 1831 808 1884 aliquam
839 1831 1123 1873 machinabor
1154 1832 1408 1885 machinam,

209 1901 268 1943 Ut
299 1917 453 1943 aurum
485 1902 677 1944 ecficiam
708 1904 874 1945 amanti
906 1904 999 1944 erili
1030 1903 1131 1945 filio.
1633 1918 1701 1951 230

210 1974 293 2016 Sed
324 1974 429 2016 foris
462 1977 715 2029 concrepuit
745 1980 906 2017 nostra.
969 1974 1152 2024 Quinam
1183 1977 1271 2018 exit
1302 1976 1447 2019 foras?

350 2159 669 2202 NICOBCLUS
703 2159 900 2201 SENEX.
964 2160 1295 2204 CHRYSALL'S
1329 2163 1558 2206 SERUOS.

802 2263 974 2304 Nicob
988 2264 1108 2305 ulus

209 2333 285 2374 Ibo
317 2335 361 2374 in
390 2333 612 2385 Piraeumf,
643 2335 797 2385 uisam,
830 2349 993 2388 ecquae
1026 2336 1251 2378 aduenerit

211 2405 260 2446 In
291 2410 465 2459 portum
497 2420 548 2447 ex
578 2405 750 2459 Epheso
782 2408 905 2447 nauis
937 2409 1207 2450 mercatoria.

206 2477 316 2518 Nam
348 2492 468 2519 meus
498 2478 705 2519 formidat
736 2479 917 2528 animus,
949 2484 1146 2521 nostrum
1177 2485 1267 2522 tam
1298 2481 1372 2522 diu

208 2549 273 2590 Ibi
305 2549 501 2592 desidere
531 2564 671 2603 neque
702 2550 844 2591 redire
875 2550 1021 2592 filium.
1634 2565 1699 2599 235

298 2719 364 2752 219
388 2718 491 2753 miles
518 2725 555 2753 et
579 2720 684 2754 miles
814 2721 880 2754 224
904 2719 1050 2754 abintro
1079 2719 1108 2753 G
1231 2723 1295 2755 227
1320 2721 1509 2766 Philippos
1632 2725 1699 2757 230

203 2773 309 2808 Unde
335 2786 465 2809 aurum
