<?xml version="1.0" encoding="UTF-8"?>
<!DOCTYPE html PUBLIC "-//W3C//DTD XHTML 1.0 Transitional//EN"
    "http://www.w3.org/TR/xhtml1/DTD/xhtml1-transitional.dtd">
<html xmlns="http://www.w3.org/1999/xhtml" xml:lang="en" lang="en">
 <head>
  <title>
</title>
<meta http-equiv="Content-Type" content="text/html;charset=utf-8" />
  <meta name='ocr-system' content='tesseract 3.04.00' />
  <meta name='ocr-capabilities' content='ocr_page ocr_carea ocr_par ocr_line ocrx_word'/>
</head>
<body>
  <div class='ocr_page' id='page_1' title='image "./comoediaerecensu02plauuoft_0180.png"; bbox 0 0 1854 3188; ppageno 0'>
   <div class='ocr_carea' id='block_1_1' title="bbox 198 205 1690 251">
    <p class='ocr_par' dir='ltr' id='par_1_1' title="bbox 198 205 1690 251">
     <span class='ocr_line' id='line_1_1' title="bbox 198 205 1690 251; baseline -0.005 -5"><span class='ocrx_word' id='word_1_1' title='bbox 198 212 276 251; x_wconf 84' lang='lat'>160</span> <span class='ocrx_word' id='word_1_2' title='bbox 878 206 998 241; x_wconf 81' lang='lat' dir='ltr'>Plauti</span> <span class='ocrx_word' id='word_1_3' title='bbox 1373 205 1422 249; x_wconf 80' lang='lat' dir='ltr'>II,</span> <span class='ocrx_word' id='word_1_4' title='bbox 1441 208 1470 250; x_wconf 84' lang='lat'>1,</span> <span class='ocrx_word' id='word_1_5' title='bbox 1486 207 1529 240; x_wconf 80' lang='grc'>52</span> <span class='ocrx_word' id='word_1_6' title='bbox 1542 224 1586 229; x_wconf 90' lang='grc'>-</span> <span class='ocrx_word' id='word_1_7' title='bbox 1601 207 1631 246; x_wconf 65' lang='lat'>2„</span> <span class='ocrx_word' id='word_1_8' title='bbox 1650 207 1690 239; x_wconf 85' lang='grc'>12</span> 
     </span>
    </p>
   </div>
   <div class='ocr_carea' id='block_1_2' title="bbox 768 332 1118 374">
    <p class='ocr_par' dir='ltr' id='par_1_2' title="bbox 768 332 1118 374">
     <span class='ocr_line' id='line_1_2' title="bbox 768 332 1118 374; baseline 0.003 -1"><span class='ocrx_word' id='word_1_9' title='bbox 768 332 1118 374; x_wconf 73' lang='lat' dir='ltr'>Philocrates</span> 
     </span>
    </p>
   </div>
   <div class='ocr_carea' id='block_1_3' title="bbox 194 403 1691 529">
    <p class='ocr_par' dir='ltr' id='par_1_3' title="bbox 194 403 1691 529">
     <span class='ocr_line' id='line_1_3' title="bbox 1231 403 1691 457; baseline -0.002 -12"><span class='ocrx_word' id='word_1_10' title='bbox 1231 403 1322 452; x_wconf 73' lang='lat' dir='ltr'>Em,</span> <span class='ocrx_word' id='word_1_11' title='bbox 1355 403 1467 445; x_wconf 83' lang='lat' dir='ltr'>istuc</span> <span class='ocrx_word' id='word_1_12' title='bbox 1501 403 1536 444; x_wconf 90' lang='lat' dir='ltr'>si</span> <span class='ocrx_word' id='word_1_13' title='bbox 1567 409 1691 457; x_wconf 83' lang='lat' dir='ltr'>potes</span> 
     </span>
     <span class='ocr_line' id='line_1_4' title="bbox 194 475 1563 529; baseline -0.003 -10"><span class='ocrx_word' id='word_1_14' title='bbox 194 477 446 519; x_wconf 83' lang='lat' dir='ltr'>Memoriter</span> <span class='ocrx_word' id='word_1_15' title='bbox 476 475 734 528; x_wconf 65' lang='lat' dir='ltr'>meminisse,</span> <span class='ocrx_word' id='word_1_16' title='bbox 766 476 881 517; x_wconf 87' lang='lat' dir='ltr'>inest</span> <span class='ocrx_word' id='word_1_17' title='bbox 913 490 1011 529; x_wconf 91' lang='lat' dir='ltr'>spes</span> <span class='ocrx_word' id='word_1_18' title='bbox 1044 475 1169 517; x_wconf 89' lang='lat' dir='ltr'>nobis</span> <span class='ocrx_word' id='word_1_19' title='bbox 1201 476 1245 516; x_wconf 87' lang='lat' dir='ltr'>in</span> <span class='ocrx_word' id='word_1_20' title='bbox 1276 475 1357 517; x_wconf 87' lang='lat' dir='ltr'>hac</span> <span class='ocrx_word' id='word_1_21' title='bbox 1388 476 1563 517; x_wconf 86' lang='lat' dir='ltr'>astutia.</span> 
     </span>
    </p>
   </div>
   <div class='ocr_carea' id='block_1_4' title="bbox 196 746 1691 802">
    <p class='ocr_par' dir='ltr' id='par_1_4' title="bbox 196 746 1691 802">
     <span class='ocr_line' id='line_1_5' title="bbox 196 746 1691 802; baseline -0.003 -10"><span class='ocrx_word' id='word_1_22' title='bbox 196 749 383 793; x_wconf 82' lang='lat' dir='ltr'>SENEX</span> <span class='ocrx_word' id='word_1_23' title='bbox 416 747 645 802; x_wconf 83' lang='lat' dir='ltr'>(HEGIO).</span> <span class='ocrx_word' id='word_1_24' title='bbox 705 747 887 789; x_wconf 89' lang='lat' dir='ltr'>EIDEM</span> <span class='ocrx_word' id='word_1_25' title='bbox 919 746 1325 801; x_wconf 83' lang='lat' dir='ltr'>(PHILOCRATES</span> <span class='ocrx_word' id='word_1_26' title='bbox 1357 747 1691 799; x_wconf 76' lang='lat' dir='ltr'><strong>TYNDARL’S).</strong></span> 
     </span>
    </p>
   </div>
   <div class='ocr_carea' id='block_1_5' title="bbox 196 865 1696 1065">
    <p class='ocr_par' dir='ltr' id='par_1_5' title="bbox 196 865 1696 1065">
     <span class='ocr_line' id='line_1_6' title="bbox 864 865 1036 919; baseline 0.006 -13"><span class='ocrx_word' id='word_1_27' title='bbox 864 865 1036 919; x_wconf 81' lang='lat' dir='ltr'>Hegio</span> 
     </span>
     <span class='ocr_line' id='line_1_7' title="bbox 196 937 1696 994; baseline -0.001 -11"><span class='ocrx_word' id='word_1_28' title='bbox 196 942 290 983; x_wconf 85' lang='lat' dir='ltr'>Iam</span> <span class='ocrx_word' id='word_1_29' title='bbox 317 954 395 994; x_wconf 88' lang='lat' dir='ltr'>ego</span> <span class='ocrx_word' id='word_1_30' title='bbox 420 943 620 981; x_wconf 85' lang='lat' dir='ltr'>reuortar</span> <span class='ocrx_word' id='word_1_31' title='bbox 641 937 772 988; x_wconf 76' lang='lat' dir='ltr'>intro,</span> <span class='ocrx_word' id='word_1_32' title='bbox 805 939 840 979; x_wconf 90' lang='lat' dir='ltr'>si</span> <span class='ocrx_word' id='word_1_33' title='bbox 866 952 916 979; x_wconf 81' lang='lat' dir='ltr'>ex</span> <span class='ocrx_word' id='word_1_34' title='bbox 941 937 1007 979; x_wconf 77' lang='lat' dir='ltr'>his</span> <span class='ocrx_word' id='word_1_35' title='bbox 1034 951 1145 991; x_wconf 83' lang='lat' dir='ltr'>quae</span> <span class='ocrx_word' id='word_1_36' title='bbox 1162 937 1271 982; x_wconf 64' lang='lat' dir='ltr'>,uolo</span> <span class='ocrx_word' id='word_1_37' title='bbox 1297 937 1591 990; x_wconf 85' lang='lat' dir='ltr'>exquisiuero.</span> <span class='ocrx_word' id='word_1_38' title='bbox 1629 949 1696 981; x_wconf 76' lang='lat'>250</span> 
     </span>
     <span class='ocr_line' id='line_1_8' title="bbox 199 1008 1600 1065; baseline -0.003 -11"><span class='ocrx_word' id='word_1_39' title='bbox 199 1012 283 1054; x_wconf 90' lang='lat' dir='ltr'>Ubi</span> <span class='ocrx_word' id='word_1_40' title='bbox 314 1017 413 1054; x_wconf 89' lang='lat' dir='ltr'>sunt</span> <span class='ocrx_word' id='word_1_41' title='bbox 443 1011 527 1063; x_wconf 86' lang='lat' dir='ltr'>isti,</span> <span class='ocrx_word' id='word_1_42' title='bbox 560 1025 669 1065; x_wconf 89' lang='lat' dir='ltr'>quos</span> <span class='ocrx_word' id='word_1_43' title='bbox 703 1014 801 1051; x_wconf 89' lang='lat' dir='ltr'>ante</span> <span class='ocrx_word' id='word_1_44' title='bbox 834 1010 952 1051; x_wconf 80' lang='lat' dir='ltr'>aedis</span> <span class='ocrx_word' id='word_1_45' title='bbox 983 1011 1093 1051; x_wconf 85' lang='lat' dir='ltr'>iussi</span> <span class='ocrx_word' id='word_1_46' title='bbox 1123 1008 1209 1050; x_wconf 91' lang='lat' dir='ltr'>huc</span> <span class='ocrx_word' id='word_1_47' title='bbox 1240 1009 1422 1063; x_wconf 81' lang='lat' dir='ltr'>produci</span> <span class='ocrx_word' id='word_1_48' title='bbox 1452 1008 1600 1051; x_wconf 67' lang='lat' dir='ltr'>foras?</span> 
     </span>
    </p>
   </div>
   <div class='ocr_carea' id='block_1_6' title="bbox 199 1103 1699 1688">
    <p class='ocr_par' dir='ltr' id='par_1_6' title="bbox 199 1103 1612 1302">
     <span class='ocr_line' id='line_1_9' title="bbox 778 1103 1117 1145; baseline 0 0"><span class='ocrx_word' id='word_1_49' title='bbox 778 1103 1117 1145; x_wconf 75' lang='lat' dir='ltr'>Philocrates</span> 
     </span>
     <span class='ocr_line' id='line_1_10' title="bbox 200 1176 1612 1234; baseline -0.005 -11"><span class='ocrx_word' id='word_1_50' title='bbox 200 1180 367 1234; x_wconf 78' lang='lat' dir='ltr'>Edepol</span> <span class='ocrx_word' id='word_1_51' title='bbox 397 1178 477 1221; x_wconf 84' lang='lat' dir='ltr'>tibi</span> <span class='ocrx_word' id='word_1_52' title='bbox 508 1191 561 1219; x_wconf 89' lang='lat' dir='ltr'>ne</span> <span class='ocrx_word' id='word_1_53' title='bbox 594 1178 636 1218; x_wconf 71' lang='lat' dir='ltr'>in</span> <span class='ocrx_word' id='word_1_54' title='bbox 668 1177 919 1230; x_wconf 73' lang='lat' dir='ltr'>quaestione</span> <span class='ocrx_word' id='word_1_55' title='bbox 953 1190 1144 1218; x_wconf 86' lang='lat' dir='ltr'>essemus</span> <span class='ocrx_word' id='word_1_56' title='bbox 1179 1179 1354 1217; x_wconf 86' lang='lat' dir='ltr'>cautum</span> <span class='ocrx_word' id='word_1_57' title='bbox 1384 1176 1612 1229; x_wconf 77' lang='lat' dir='ltr'>intellego:</span> 
     </span>
     <span class='ocr_line' id='line_1_11' title="bbox 199 1248 1354 1302; baseline -0.005 -7"><span class='ocrx_word' id='word_1_58' title='bbox 199 1254 270 1295; x_wconf 89' lang='lat' dir='ltr'>Ita</span> <span class='ocrx_word' id='word_1_59' title='bbox 300 1251 456 1293; x_wconf 86' lang='lat' dir='ltr'>uinclis</span> <span class='ocrx_word' id='word_1_60' title='bbox 489 1249 784 1302; x_wconf 81' lang='lat' dir='ltr'>custodiisque</span> <span class='ocrx_word' id='word_1_61' title='bbox 817 1248 1161 1290; x_wconf 82' lang='lat' dir='ltr'>circummoeniti</span> <span class='ocrx_word' id='word_1_62' title='bbox 1195 1262 1354 1289; x_wconf 87' lang='lat' dir='ltr'>sumus.</span> 
     </span>
    </p>

    <p class='ocr_par' dir='ltr' id='par_1_7' title="bbox 871 1343 1039 1396">
     <span class='ocr_line' id='line_1_12' title="bbox 871 1343 1039 1396; baseline 0 -12"><span class='ocrx_word' id='word_1_63' title='bbox 871 1343 1039 1396; x_wconf 80' lang='lat' dir='ltr'>Hegio</span> 
     </span>
    </p>

    <p class='ocr_par' dir='ltr' id='par_1_8' title="bbox 199 1415 1699 1688">
     <span class='ocr_line' id='line_1_13' title="bbox 204 1415 1604 1470; baseline -0.005 -8"><span class='ocrx_word' id='word_1_64' title='bbox 204 1420 286 1470; x_wconf 79' lang='lat' dir='ltr'>Qui</span> <span class='ocrx_word' id='word_1_65' title='bbox 319 1422 456 1469; x_wconf 88' lang='lat' dir='ltr'>cauet,</span> <span class='ocrx_word' id='word_1_66' title='bbox 489 1431 542 1458; x_wconf 88' lang='lat' dir='ltr'>ne</span> <span class='ocrx_word' id='word_1_67' title='bbox 576 1416 828 1470; x_wconf 75' lang='lat' dir='ltr'>decipiatur,</span> <span class='ocrx_word' id='word_1_68' title='bbox 862 1416 936 1456; x_wconf 75' lang='lat' dir='ltr'>uix</span> <span class='ocrx_word' id='word_1_69' title='bbox 970 1420 1109 1465; x_wconf 87' lang='lat' dir='ltr'>cauet⁷</span> <span class='ocrx_word' id='word_1_70' title='bbox 1143 1429 1271 1468; x_wconf 86' lang='lat' dir='ltr'>quom</span> <span class='ocrx_word' id='word_1_71' title='bbox 1304 1415 1434 1456; x_wconf 85' lang='lat' dir='ltr'>etiam</span> <span class='ocrx_word' id='word_1_72' title='bbox 1466 1419 1604 1455; x_wconf 78' lang='lat' dir='ltr'>cauet.</span> 
     </span>
     <span class='ocr_line' id='line_1_14' title="bbox 200 1488 1699 1543; baseline -0.002 -10"><span class='ocrx_word' id='word_1_73' title='bbox 200 1493 348 1533; x_wconf 87' lang='lat' dir='ltr'>Etiam</span> <span class='ocrx_word' id='word_1_74' title='bbox 380 1504 510 1543; x_wconf 90' lang='lat' dir='ltr'>quom</span> <span class='ocrx_word' id='word_1_75' title='bbox 541 1489 711 1530; x_wconf 89' lang='lat' dir='ltr'>cauisse</span> <span class='ocrx_word' id='word_1_76' title='bbox 740 1491 899 1539; x_wconf 76' lang='lat' dir='ltr'>ratust,</span> <span class='ocrx_word' id='word_1_77' title='bbox 934 1501 1062 1541; x_wconf 83' lang='lat' dir='ltr'>saepe</span> <span class='ocrx_word' id='word_1_78' title='bbox 1092 1488 1130 1529; x_wconf 90' lang='lat' dir='ltr'>is</span> <span class='ocrx_word' id='word_1_79' title='bbox 1164 1492 1316 1529; x_wconf 88' lang='lat' dir='ltr'>cautor</span> <span class='ocrx_word' id='word_1_80' title='bbox 1342 1492 1496 1542; x_wconf 78' lang='lat' dir='ltr'>captus</span> <span class='ocrx_word' id='word_1_81' title='bbox 1525 1493 1597 1527; x_wconf 76' lang='lat' dir='ltr'>est.</span> <span class='ocrx_word' id='word_1_82' title='bbox 1634 1499 1699 1530; x_wconf 54' lang='lat'>25³</span> 
     </span>
     <span class='ocr_line' id='line_1_15' title="bbox 199 1559 1468 1610; baseline -0.006 -3"><span class='ocrx_word' id='word_1_83' title='bbox 199 1566 265 1607; x_wconf 86' lang='lat' dir='ltr'>An</span> <span class='ocrx_word' id='word_1_84' title='bbox 297 1577 398 1605; x_wconf 90' lang='lat' dir='ltr'>uero</span> <span class='ocrx_word' id='word_1_85' title='bbox 429 1576 515 1603; x_wconf 89' lang='lat' dir='ltr'>non</span> <span class='ocrx_word' id='word_1_86' title='bbox 546 1561 662 1602; x_wconf 89' lang='lat' dir='ltr'>iusta</span> <span class='ocrx_word' id='word_1_87' title='bbox 693 1564 880 1610; x_wconf 72' lang='lat' dir='ltr'>causast‚</span> <span class='ocrx_word' id='word_1_88' title='bbox 915 1564 963 1600; x_wconf 89' lang='lat' dir='ltr'>ut</span> <span class='ocrx_word' id='word_1_89' title='bbox 993 1574 1071 1601; x_wconf 88' lang='lat' dir='ltr'>uos</span> <span class='ocrx_word' id='word_1_90' title='bbox 1105 1573 1272 1601; x_wconf 83' lang='lat' dir='ltr'>seruem</span> <span class='ocrx_word' id='word_1_91' title='bbox 1305 1559 1468 1610; x_wconf 71' lang='lat' dir='ltr'>sedulo,</span> 
     </span>
     <span class='ocr_line' id='line_1_16' title="bbox 201 1631 1482 1688; baseline -0.005 -9"><span class='ocrx_word' id='word_1_92' title='bbox 201 1637 316 1688; x_wconf 78' lang='lat' dir='ltr'>Quos</span> <span class='ocrx_word' id='word_1_93' title='bbox 348 1640 437 1678; x_wconf 88' lang='lat' dir='ltr'>tam</span> <span class='ocrx_word' id='word_1_94' title='bbox 470 1633 624 1688; x_wconf 88' lang='lat' dir='ltr'>grandi</span> <span class='ocrx_word' id='word_1_95' title='bbox 657 1632 736 1674; x_wconf 87' lang='lat' dir='ltr'>sim</span> <span class='ocrx_word' id='word_1_96' title='bbox 768 1635 987 1672; x_wconf 86' lang='lat' dir='ltr'>mercatus</span> <span class='ocrx_word' id='word_1_97' title='bbox 1020 1632 1240 1685; x_wconf 83' lang='lat' dir='ltr'>praesenti</span> <span class='ocrx_word' id='word_1_98' title='bbox 1272 1631 1482 1685; x_wconf 69' lang='lat' dir='ltr'>pecunia?</span> 
     </span>
    </p>
   </div>
   <div class='ocr_carea' id='block_1_7' title="bbox 201 1725 1698 1929">
    <p class='ocr_par' dir='ltr' id='par_1_9' title="bbox 201 1725 1698 1929">
     <span class='ocr_line' id='line_1_17' title="bbox 777 1725 1124 1768; baseline 0.003 -1"><span class='ocrx_word' id='word_1_99' title='bbox 777 1725 1124 1768; x_wconf 80' lang='lat' dir='ltr'>Philocrates</span> 
     </span>
     <span class='ocr_line' id='line_1_18' title="bbox 201 1799 1698 1858; baseline -0.005 -11"><span class='ocrx_word' id='word_1_100' title='bbox 201 1805 351 1858; x_wconf 87' lang='lat' dir='ltr'>Neque</span> <span class='ocrx_word' id='word_1_101' title='bbox 375 1801 449 1857; x_wconf 89' lang='lat' dir='ltr'>pol</span> <span class='ocrx_word' id='word_1_102' title='bbox 474 1801 555 1842; x_wconf 87' lang='lat' dir='ltr'>tibi</span> <span class='ocrx_word' id='word_1_103' title='bbox 577 1814 669 1850; x_wconf 74' lang='lat' dir='ltr'>nos,</span> <span class='ocrx_word' id='word_1_104' title='bbox 703 1799 806 1852; x_wconf 87' lang='lat' dir='ltr'>quia</span> <span class='ocrx_word' id='word_1_105' title='bbox 828 1812 907 1840; x_wconf 90' lang='lat' dir='ltr'>nos</span> <span class='ocrx_word' id='word_1_106' title='bbox 933 1812 1096 1850; x_wconf 80' lang='lat' dir='ltr'>seruas,</span> <span class='ocrx_word' id='word_1_107' title='bbox 1129 1804 1355 1851; x_wconf 82' lang='lat' dir='ltr'>aequomst</span> <span class='ocrx_word' id='word_1_108' title='bbox 1379 1799 1486 1840; x_wconf 89' lang='lat' dir='ltr'>uitio</span> <span class='ocrx_word' id='word_1_109' title='bbox 1514 1803 1698 1839; x_wconf 85' lang='lat' dir='ltr'>uortere.</span> 
     </span>
     <span class='ocr_line' id='line_1_19' title="bbox 202 1869 1457 1929; baseline -0.006 -11"><span class='ocrx_word' id='word_1_110' title='bbox 202 1877 352 1929; x_wconf 88' lang='lat' dir='ltr'>Neque</span> <span class='ocrx_word' id='word_1_111' title='bbox 384 1879 427 1917; x_wconf 85' lang='lat' dir='ltr'>te</span> <span class='ocrx_word' id='word_1_112' title='bbox 458 1873 596 1923; x_wconf 76' lang='lat' dir='ltr'>nobis,</span> <span class='ocrx_word' id='word_1_113' title='bbox 631 1873 667 1913; x_wconf 92' lang='lat' dir='ltr'>si</span> <span class='ocrx_word' id='word_1_114' title='bbox 700 1871 909 1912; x_wconf 85' lang='lat' dir='ltr'>abeamus</span> <span class='ocrx_word' id='word_1_115' title='bbox 941 1871 1050 1922; x_wconf 87' lang='lat' dir='ltr'>hinc,</span> <span class='ocrx_word' id='word_1_116' title='bbox 1082 1871 1118 1912; x_wconf 91' lang='lat' dir='ltr'>si</span> <span class='ocrx_word' id='word_1_117' title='bbox 1148 1869 1243 1911; x_wconf 78' lang='lat' dir='ltr'>fuat</span> <span class='ocrx_word' id='word_1_118' title='bbox 1275 1871 1457 1912; x_wconf 82' lang='lat' dir='ltr'>occasio.</span> 
     </span>
    </p>
   </div>
   <div class='ocr_carea' id='block_1_8' title="bbox 203 1965 1703 2461">
    <p class='ocr_par' dir='ltr' id='par_1_10' title="bbox 203 1965 1703 2461">
     <span class='ocr_line' id='line_1_20' title="bbox 871 1965 1043 2018; baseline 0.006 -13"><span class='ocrx_word' id='word_1_119' title='bbox 871 1965 1043 2018; x_wconf 88' lang='lat' dir='ltr'>Hegio</span> 
     </span>
     <span class='ocr_line' id='line_1_21' title="bbox 203 2036 1703 2091; baseline -0.002 -8"><span class='ocrx_word' id='word_1_120' title='bbox 203 2041 261 2083; x_wconf 89' lang='lat' dir='ltr'>Ut</span> <span class='ocrx_word' id='word_1_121' title='bbox 290 2055 369 2082; x_wconf 89' lang='lat' dir='ltr'>uos</span> <span class='ocrx_word' id='word_1_122' title='bbox 399 2040 481 2091; x_wconf 70' lang='lat' dir='ltr'>hic,</span> <span class='ocrx_word' id='word_1_123' title='bbox 512 2038 663 2080; x_wconf 83' lang='lat' dir='ltr'>itidem</span> <span class='ocrx_word' id='word_1_124' title='bbox 695 2037 784 2078; x_wconf 89' lang='lat' dir='ltr'>illic</span> <span class='ocrx_word' id='word_1_125' title='bbox 816 2036 932 2090; x_wconf 85' lang='lat' dir='ltr'>apud</span> <span class='ocrx_word' id='word_1_126' title='bbox 963 2050 1042 2078; x_wconf 91' lang='lat' dir='ltr'>uos</span> <span class='ocrx_word' id='word_1_127' title='bbox 1075 2050 1195 2078; x_wconf 84' lang='lat' dir='ltr'>meus</span> <span class='ocrx_word' id='word_1_128' title='bbox 1229 2041 1430 2078; x_wconf 85' lang='lat' dir='ltr'>seruatur</span> <span class='ocrx_word' id='word_1_129' title='bbox 1462 2036 1585 2077; x_wconf 87' lang='lat' dir='ltr'>filius.</span> <span class='ocrx_word' id='word_1_130' title='bbox 1637 2048 1703 2080; x_wconf 72' lang='lat'>‘260</span> 
     </span>
     <span class='ocr_line' id='line_1_22' title="bbox 785 2130 1130 2174; baseline 0.006 -2"><span class='ocrx_word' id='word_1_131' title='bbox 785 2130 1130 2174; x_wconf 83' lang='lat' dir='ltr'>Philocrates</span> 
     </span>
     <span class='ocr_line' id='line_1_23' title="bbox 206 2205 500 2262; baseline -0.01 -13"><span class='ocrx_word' id='word_1_132' title='bbox 206 2207 371 2262; x_wconf 87' lang='lat' dir='ltr'>Captus</span> <span class='ocrx_word' id='word_1_133' title='bbox 404 2205 500 2248; x_wconf 83' lang='lat' dir='ltr'>est‘?</span> 
     </span>
     <span class='ocr_line' id='line_1_24' title="bbox 872 2274 1046 2329; baseline 0.006 -13"><span class='ocrx_word' id='word_1_134' title='bbox 872 2274 1046 2329; x_wconf 88' lang='lat' dir='ltr'>Hegio</span> 
     </span>
     <span class='ocr_line' id='line_1_25' title="bbox 564 2347 645 2389; baseline 0.012 -1"><span class='ocrx_word' id='word_1_135' title='bbox 564 2347 645 2389; x_wconf 91' lang='lat' dir='ltr'>Ita.</span> 
     </span>
     <span class='ocr_line' id='line_1_26' title="bbox 783 2418 1130 2461; baseline 0.006 -2"><span class='ocrx_word' id='word_1_136' title='bbox 783 2418 1130 2461; x_wconf 85' lang='lat' dir='ltr'>Philocrates</span> 
     </span>
    </p>
   </div>
   <div class='ocr_carea' id='block_1_9' title="bbox 705 2490 1569 2545">
    <p class='ocr_par' dir='ltr' id='par_1_11' title="bbox 705 2490 1569 2545">
     <span class='ocr_line' id='line_1_27' title="bbox 705 2490 1569 2545; baseline 0 -14"><span class='ocrx_word' id='word_1_137' title='bbox 705 2490 803 2532; x_wconf 74' lang='lat' dir='ltr'>Non</span> <span class='ocrx_word' id='word_1_138' title='bbox 834 2491 966 2536; x_wconf 68' lang='lat' dir='ltr'>igitur</span> <span class='ocrx_word' id='word_1_139' title='bbox 996 2505 1074 2533; x_wconf 88' lang='lat' dir='ltr'>nos</span> <span class='ocrx_word' id='word_1_140' title='bbox 1107 2492 1190 2533; x_wconf 80' lang='lat' dir='ltr'>soli</span> <span class='ocrx_word' id='word_1_141' title='bbox 1220 2492 1367 2545; x_wconf 82' lang='lat' dir='ltr'>ignaui</span> <span class='ocrx_word' id='word_1_142' title='bbox 1398 2491 1569 2532; x_wconf 82' lang='lat' dir='ltr'>fuimus.</span> 
     </span>
    </p>
   </div>
   <div class='ocr_carea' id='block_1_10' title="bbox 208 2666 1710 2833">
    <p class='ocr_par' dir='ltr' id='par_1_12' title="bbox 208 2666 1710 2833">
     <span class='ocr_line' id='line_1_28' title="bbox 301 2666 1710 2722; baseline -0.003 -10"><span class='ocrx_word' id='word_1_143' title='bbox 301 2679 366 2712; x_wconf 74' lang='lat'>248</span> <span class='ocrx_word' id='word_1_144' title='bbox 391 2681 513 2722; x_wconf 77' lang='lat' dir='ltr'>potest</span> <span class='ocrx_word' id='word_1_145' title='bbox 617 2676 776 2712; x_wconf 61' lang='lat' dir='ltr'>Titulus:</span> <span class='ocrx_word' id='word_1_146' title='bbox 824 2674 983 2710; x_wconf 77' lang='lat' dir='ltr'>SENEX</span> <span class='ocrx_word' id='word_1_147' title='bbox 1008 2674 1156 2709; x_wconf 82' lang='lat' dir='ltr'>HEGIO</span> <span class='ocrx_word' id='word_1_148' title='bbox 1182 2666 1393 2710; x_wconf 61' lang='lat' dir='ltr'>PHILOC—lz</span> <span class='ocrx_word' id='word_1_149' title='bbox 1417 2674 1575 2708; x_wconf 80' lang='lat' dir='ltr'>EIDEM</span> <span class='ocrx_word' id='word_1_150' title='bbox 1597 2673 1710 2708; x_wconf 72' lang='lat' dir='ltr'>TYN-</span> 
     </span>
     <span class='ocr_line' id='line_1_29' title="bbox 209 2732 1709 2777; baseline -0.003 -9"><span class='ocrx_word' id='word_1_151' title='bbox 209 2734 371 2769; x_wconf 82' lang='lat' dir='ltr'><strong>DARUS</strong></span> <span class='ocrx_word' id='word_1_152' title='bbox 452 2736 515 2770; x_wconf 80' lang='lat'>251</span> <span class='ocrx_word' id='word_1_153' title='bbox 542 2734 640 2768; x_wconf 77' lang='lat' dir='ltr'>foras</span> <span class='ocrx_word' id='word_1_154' title='bbox 663 2733 822 2777; x_wconf 71' lang='lat' dir='ltr'>proximi</span> <span class='ocrx_word' id='word_1_155' title='bbox 846 2743 974 2767; x_wconf 73' lang='lat' dir='ltr'>uersus</span> <span class='ocrx_word' id='word_1_156' title='bbox 998 2733 1143 2766; x_wconf 64' lang='lat' dir='ltr'>initiam</span> <span class='ocrx_word' id='word_1_157' title='bbox 1167 2732 1269 2774; x_wconf 76' lang='lat' dir='ltr'>facit.</span> <span class='ocrx_word' id='word_1_158' title='bbox 1343 2734 1405 2766; x_wconf 72' lang='lat'>252</span> <span class='ocrx_word' id='word_1_159' title='bbox 1433 2733 1468 2766; x_wconf 81' lang='lat' dir='ltr'>in</span> <span class='ocrx_word' id='word_1_160' title='bbox 1495 2742 1560 2766; x_wconf 82' lang='lat' dir='ltr'>om.</span> <span class='ocrx_word' id='word_1_161' title='bbox 1588 2743 1629 2765; x_wconf 83' lang='lat' dir='ltr'>m.</span> <span class='ocrx_word' id='word_1_162' title='bbox 1649 2742 1709 2775; x_wconf 77' lang='lat' dir='ltr'>pr.</span> 
     </span>
     <span class='ocr_line' id='line_1_30' title="bbox 208 2789 1133 2833; baseline -0.003 -8"><span class='ocrx_word' id='word_1_163' title='bbox 208 2792 276 2825; x_wconf 81' lang='lat'>253</span> <span class='ocrx_word' id='word_1_164' title='bbox 303 2791 458 2825; x_wconf 86' lang='lat' dir='ltr'>uinculis</span> <span class='ocrx_word' id='word_1_165' title='bbox 554 2793 619 2824; x_wconf 75' lang='lat'>255</span> <span class='ocrx_word' id='word_1_166' title='bbox 643 2794 745 2825; x_wconf 80' lang='lat' dir='ltr'>ratus</span> <span class='ocrx_word' id='word_1_167' title='bbox 773 2793 829 2824; x_wconf 85' lang='lat' dir='ltr'>est</span> <span class='ocrx_word' id='word_1_168' title='bbox 923 2790 985 2822; x_wconf 74' lang='lat'>261</span> <span class='ocrx_word' id='word_1_169' title='bbox 1013 2789 1133 2833; x_wconf 80' lang='lat' dir='ltr'>ignari</span> 
     </span>
    </p>
   </div>
  </div>
 </body>
</html>
