1897 3171
779 214 820 247 v.
847 216 989 249 20—46.
1550 218 1629 256 279

137 359 248 384 sacra
284 349 475 383 nocturna
513 345 688 382 tollimus
707 342 751 382 ‘?“
831 345 985 382 Eximia
1043 349 1082 383 et
1134 346 1267 383 divina
1315 346 1349 382 ei
1395 345 1462 382 illa
1514 346 1631 382 initia

137 414 350 460 videntur,
405 413 477 451 sed
516 413 636 462 „quid
682 413 889 462 displiceat
932 414 972 450 in
1019 412 1236 461 nocturnis,
1283 417 1410 462 poetae
1454 412 1632 450 indicant

138 479 316 520 comici“.
378 481 435 520 De
466 481 796 531 Thesmophoriis‘
821 495 898 519 non
938 485 998 519 est
1035 481 1307 531 cogitandum,
1350 494 1435 531 quae
1476 495 1498 518 a
1535 481 1630 519 solis

136 551 329 588 matronis
370 550 684 588 celebrabantur.
763 549 894 587 Etiam
926 551 966 587 in
1005 551 1092 588 aliis
1131 551 1253 588 sacris
1291 551 1493 587 nocturnis
1527 551 1627 587 eius-

135 619 242 656 modi
272 619 419 669 probra
448 618 607 666 fiebant,
650 618 816 656 maxime
848 617 1060 668 Dionysfis,
1093 632 1129 657 v.
1163 618 1310 656 Cistell.
1348 619 1423 655 153
1457 632 1542 668 sqq.
1574 638 1630 643 —-

138 689 203 725 37.
235 684 302 726 hic
330 689 407 725 iam
447 689 487 725 in
518 688 549 725 B
579 687 839 725 emendatum.
872 707 927 711 —
968 689 1032 725 39.
1071 698 1122 725 ne
1152 688 1177 725 i.
1214 700 1246 725 e.
1278 688 1426 724 veritus
1464 700 1534 734 ne3
1581 688 1627 724 cf.

137 756 213 794 Cic.
247 756 357 794 Verr.
390 757 426 804 I,
469 759 532 804 17,
572 757 645 793 46:
698 755 881 803 „verbum
919 756 1047 794 facere
1077 769 1157 793 non
1189 755 1408 801 audebant,
1449 769 1497 793 ne
1529 755 1630 792 forte

137 839 182 863 ea
217 839 280 862 res
319 826 370 863 ad
407 825 650 862 Dolabellam
689 822 947 875 pertinerct“.
995 824 1059 871 IV,
1094 826 1130 871 7,
1168 826 1237 862 15:
1288 838 1359 872 „ne
1390 824 1502 871 forte,
1538 823 1630 860 dum

134 894 304 945 publicis
333 894 529 932 mandatis
561 896 720 940 serviat,
765 893 812 930 de
843 894 1010 943 privatis
1040 894 1196 931 iniuriis
1226 890 1432 931 reticeaff.
1494 892 1628 929 Iuven.

137 964 180 1009 8,
222 964 294 1000 77:
352 962 564 1010 „Miserum
604 966 665 999 est
704 962 871 999 aliorum
909 961 1135 1001 incumbere
1175 962 1310 1008 famae,
1357 961 1415 999 Ne
1457 961 1631 1010 collapsa

134 1035 252 1069 ruant
281 1030 485 1069 subductis
522 1034 628 1068 tecta
658 1028 889 1069 columnis“.
960 1030 1016 1068 Cf.
1048 1030 1152 1068 infra
1183 1030 1232 1068 ad
1265 1032 1342 1068 639
1385 1033 1424 1067 et
1454 1028 1627 1079 Madvig.

135 1100 185 1138 ad
215 1100 293 1138 Cic.
326 1099 411 1137 Fin.
443 1099 488 1147 V,
526 1100 561 1146 3,
597 1100 618 1136 8
651 1113 689 1149 p.
725 1101 818 1137 616.

249 1378 314 1415 40.
358 1377 494 1414 Euclio
533 1390 649 1414 anum
680 1390 831 1414 serva-111
865 1389 912 1413 ex
944 1376 1094 1413 {edibus
1127 1376 1246 1413 eiicit.
1281 1371 1513 1412 eacumlwm
1545 1388 1630 1412 cum

136 1447 303 1497 synizesi
333 1447 506 1494 legatur,
546 1460 582 1483 v.
615 1445 770 1492 Proleg.
805 1459 841 1495 p.
877 1447 978 1492 2143
1025 1445 1125 1482 nihil
1155 1443 1409 1490 mutandum,
1451 1445 1630 1492 quamvis

134 1516 306 1563 Muller„
339 1515 469 1552 Plaut.
502 1514 614 1552 Pros.
647 1528 683 1563 p.
713 1516 790 1551 202³,
825 1528 894 1563 sq.,
928 1514 1170 1551 subdubitet.
1204 1533 1258 1536 —
1289 1514 1355 1550 41.
1397 1509 1628 1558 {¹mt'33icefi·5·,

133 1598 218 1622 voc.
259 1584 309 1622 ad
348 1596 432 1620 rem
462 1582 615 1629 fictum,
662 1584 854 1632 queritur,
903 1583 1010 1633 quod
1047 1583 1170 1620 oculis
1216 1582 1290 1618 huc
1337 1581 1430 1617 illuc
1476 1581 1628 1617 emissis

135 1654 266 1691 omnia
297 1653 606 1702 circumspectet,
640 1652 739 1688 siout
772 1651 876 1689 infra
902 1653 951 1688 64
981 1665 1065 1689 eam
1091 1652 1209 1688 etiam
1234 1653 1274 1688 in
1299 1652 1469 1699 occipite
1495 1650 1629 1687 oculos

134 1721 276 1759 habere
315 1721 423 1758 dicit.
492 1721 673 1757 Imitatus
715 1724 775 1757 est
806 1720 1075 1757 Tertullianus
1116 1717 1181 1766 (de
1219 1719 1340 1768 pallio
1374 1716 1413 1765 3)
1456 1718 1503 1754 de
1541 1717 1628 1754 cha-

134 1791 339 1828 maeleonte
382 1790 688 1838 „circumspectu
730 1790 912 1826 emissicii
953 1789 1085 1835 ocelli,
1129 1791 1247 1825 immo
1288 1788 1446 1824 luminis
1484 1790 1631 1836 puncta

133 1856 417 1908 vertiginant“.
446 1878 493 1882 -—
529 1859 595 1895 42.
629 1855 742 1895 IVam
766 1869 849 1904 rur,
874 1871 909 1895 v.
929 1857 978 1894 ad
1001 1857 1143 1907 Amph.
1172 1857 1264 1894 548.
1312 1857 1355 1893 In
1379 1856 1410 1892 B
1437 1856 1484 1892 ab
1510 1856 1626 1893 initio

134 1930 325 1978 scriptum
354 1927 433 1965 fuit
467 1927 590 1974 „Nam
622 1940 681 1963 ine
721 1940 789 1963 cur
828 1924 929 1972 me“,
971 1926 1040 1963 sed
1072 1927 1181 1975 prius
1224 1923 1331 1971 „me“
1370 1937 1523 1961 erasum
1555 1928 1626 1962 est.

139 2017 187 2022 —
219 1997 285 2034 43.
316 1993 469 2034 malam
500 1995 685 2041 aetatem,
719 1998 974 2041 senectutem,
1009 1994 1056 2032 cf.
1082 1993 1187 2031 Men.
1216 1994 1310 2030 745.
1342 2013 1393 2018 —
1417 1994 1483 2030 44.
1516 1990 1631 2031 Nam

134 2076 197 2104 me
227 2076 307 2115 (lua
338 2073 465 2102 causa
497 2063 526 2100 B
559 2078 645 2101 cum
677 2064 789 2101 hiatu
819 2065 860 2100 111
892 2076 1058 2109 caesura,
1108 2063 1214 2112 vulg.
1248 2076 1295 2099 ex
1326 2061 1360 2098 D
1398 2061 1521 2108 „Nam
1554 2075 1631 2111 qua

134 2147 195 2171 me
227 2148 329 2171 1111110
360 2131 517 2170 causa‘'.
557 2153 614 2157 —*
645 2134 710 2170 45.
753 2132 916 2169 Versum
948 2132 1063 2169 affert
1094 2131 1245 2168 Nonius
1276 2144 1314 2180 p.
1350 2131 1426 2167 381
1463 2133 1503 2166 et
1537 2132 1629 2177 395,

135 2206 305 2252 utroque
336 2202 421 2239 loco
452 2206 497 2239 ut
526 2202 566 2238 in
598 2201 710 2239 codd.
737 2201 932 2238 Plautinis
958 2201 1101 2238 omissa
1124 2198 1397 2247 interrogandi
1420 2198 1628 2248 particula,

135 2285 182 2308 ne
200 2285 285 2308 011111
303 2270 499 2320 Wagnero
522 2268 669 2317 „egon‘²
701 2269 937 2316 scribamus3
970 2269 1015 2306 ef.
1042 2268 1090 2305 ad
1115 2269 1258 2318 Amph.
1287 2269 1380 2306 718.
1399 2287 1455 2292 —-
1474 2263 1628 2304 Stimu-

136 2337 269 2378 lorum
300 2349 416 2389 30963
447 2352 557 2376 serva
589 2352 692 2388 saepe
722 2338 929 2375 verberata
961 2337 1117 2384 dicitur,
1159 2338 1271 2386 quasi
1302 2338 1341 2373 in
1374 2337 1484 2373 cuius
1515 2339 1628 2383 tergo

135 2413 216 2445 tam
248 2407 364 2444 multi
395 2407 543 2444 stimuli
576 2406 727 2444 conditi
759 2410 870 2453 sunt,
912 2409 957 2443 ut
994 2405 1086 2443 iude
1123 2407 1218 2443 meti
1258 2418 1376 2455 posse
1407 2404 1628 2450 videantur,

136 2477 183 2514 cf.
216 2476 344 2514 Oasin.
379 2476 482 2513 424:
535 2475 807 2522 „stimulorum
839 2474 1000 2512 loculi“.
1062 2474 1168 2511 Pers.
1202 2476 1304 2511 793:
1357 2471 1628 2519 „stimulorum

135 2543 293 2583 tritor“.
333 2549 414 2581 not.
447 2543 497 2581 ad
537 2545 646 2581 Asin.
680 2545 774 2581 415.
816 2562 872 2567 —
910 2544 976 2581 46.
1025 2539 1152 2589 Illuc,
1200 2542 1455 2579 remotiorem
1502 2539 1629 2576 locum

137 2613 260 2663 digito
301 2616 505 2650 monstrat.
566 2612 751 2650 Editores
790 2611 871 2649 fere
911 2624 1044 2649 omnes
1084 2611 1157 2648 hoc
1194 2610 1323 2660 repeti
1362 2611 1553 2658 putarunt
1591 2610 1631 2644 et

136 2683 485 2732 interpunxerunt:
523 2680 644 2727 „Illuc
675 2679 884 2728 regredere
907 2679 954 2716 ab
977 2680 1090 2726 ostio,
1123 2677 1258 2724 illuc‘⁴‚
1291 2680 1359 2714 aut
1388 2676 1508 2724 „illuc
1533 2674 1626 2713 sis“.

138 2749 214 2788 Sed
254 2750 419 2787 alterum
456 2746 557 2787 ‘illuc
603 2762 689 2786 cum
727 2748 982 2798 sequentibus
1020 2746 1262 2795 iungendum
1301 2749 1378 2791 est3
1426 2745 1480 2781 sic
1526 2746 1630 2781 enim

137 2818 236 2855 solet
271 2817 454 2855 Plautus:
507 2817 628 2865 „Illuc
667 2819 719 2854 sis
758 2814 873 2854 uide“
916 2815 1056 2853 Bacch.
1095 2816 1184 2852 135.
1225 2813 1309 2851 Mil.
1345 2814 1436 2850 202.
1479 2811 1623 2851 Pseud.
