1854 3188
241 213 294 251 20
923 205 1044 240 Plauti
1458 203 1510 248 Π,
1524 206 1554 246 2,
1567 205 1690 248 79—3,
1706 205 1730 238 4

888 331 1079 373 Euclio

1094 402 1208 443 Illud
1240 401 1372 442 facito
1403 405 1451 442 ut
1482 400 1727 442 memineris

243 476 517 526 Conuenisse,
550 479 599 516 ut
629 489 681 516 ne
714 475 817 527 quid
849 474 959 516 dotis
992 488 1087 515 mea
1118 474 1173 514 ad
1203 478 1246 514 te
1279 472 1471 514 adferret
1501 472 1601 514 filia.
1665 484 1731 517 250

843 545 1161 599 Megadorus

242 619 430 661 Memini.

892 688 1080 729 Euclio

501 761 558 803 At
589 763 687 812 seio,
721 775 804 815 quo
836 774 913 801 uos
946 760 1121 801 soleatis
1153 763 1282 813 paeto
1315 759 1631 813 perplexarier:

241 834 420 875 Paetum
436 848 522 875 11011
538 835 769 887 paotumst,
787 846 872 873 non
890 835 1066 885 paetum
1083 834 1313 884 paotumst,
1324 831 1439 885 quod
1455 832 1578 873 uobis
1596 832 1731 874 lubet.

831 903 1150 957 Megadorus

242 978 371 1019 Nulla
403 978 699 1018 controuorsia
731 976 836 1017 mihi
865 980 1008 1016 tecum
1041 975 1134 1015 erit.
1195 974 1290 1026 Sed,
1322 976 1496 1029 nuptias

242 1050 382 1091 Hodie
414 1050 517 1103 quin
546 1048 767 1099 faciamus,
798 1062 901 1088 num
933 1061 1045 1100 quae
1078 1047 1280 1088 causast‘?

902 1119 1090 1159 Euclio

850 1237 852 1239 ,
1190 1189 1326 1232 11111110
1361 1190 1514 1245 edepol
1548 1195 1733 1245 optume.

825 1262 1154 1315 Megadorus

245 1336 321 1376 Ibo
353 1336 502 1389 igitur,
536 1336 713 1390 parabo,
775 1334 997 1387 Numquid
1027 1334 1093 1375 uis
1124 1335 1222 1375 me?

896 1406 1085 1447 Euclio

1232 1478 1362 1519 Istuc.

829 1550 1148 1602 Megadorus

1351 1622 1460 1663 Fiet.
1521 1621 1643 1662 Uale.
1671 1632 1735 1666 255

245 1696 376 1746 Heus,
411 1695 612 1745 Strobile,
647 1708 825 1748 sequere
857 1708 1037 1747 propere
1070 1707 1135 1734 me
1167 1693 1223 1733 ad
1255 1693 1484 1734 macellum
1516 1697 1703 1734 strenue.

896 1765 1082 1806 Euclio

245 1839 339 1880 11110
370 1838 470 1879 111110
503 1838 621 1879 abiit.
669 1838 722 1878 Di
754 1837 1017 1888 inmortales,
1050 1837 1241 1887 obsecro,
1274 1850 1427 1877 aurum
1460 1837 1564 1890 quid
1597 1837 1734 1879 ualet!

246 1910 382 1951 Credo
402 1924 478 1963 ego
497 1910 617 1950 illum
634 1910 720 1950 iam
743 1909 1024 1959 iuaudiuisse,
1051 1908 1157 1948 mihi
1179 1922 1273 1948 esse
1298 1907 1581 1949 thensaurum
1607 1909 1735 1951 domi.

243 1982 293 2023 Id
324 1982 479 2033 inhiat,
513 1996 563 2022 ea
594 1981 863 2022 adfinitatem
894 1980 1004 2020 hano
1037 1980 1280 2021 obstinauit
1311 1981 1463 2032 gratia.

495 2173 704 2216 EUCLIO
739 2173 937 2215 SENEK.
999 2172 1291 2214 STAPHYLA
1321 2172 1484 2214 ANUS.

895 2264 1084 2305 Euclio

245 2338 329 2380 Ubi
360 2342 409 2378 tu
441 2351 497 2388 es,
530 2351 639 2390 quae
673 2336 1000 2377 deblateravisti
1031 2337 1117 2376 iam
1149 2336 1303 2376 uicinis
1337 2335 1550 2387 omnibus,
1673 2347 1738 2379 260

246 2409 368 2450 Meae
401 2423 466 2449 me
499 2408 612 2449 filiae
646 2409 848 2449 daturum
883 2409 1057 2449 dotem?
1118 2408 1247 2455 Heus,
1280 2407 1501 2461 Staphyla,
1534 2413 1576 2448 te
1607 2421 1735 2459 1100ος

246 2480 414 2534 Ecquid
446 2481 601 2521 audis?
661 2480 849 2521 Uaseula
879 2480 995 2520 intus
1028 2493 1134 2533 pure
1166 2494 1351 2532 propera
1384 2484 1515 2533 atque
1549 2479 1654 2520 elue.

246 2553 401 2594 Filiam
433 2552 662 2606 despondi,
695 2552 823 2592 hodie
856 2565 932 2604 ego
965 2551 1064 2591 huie
1094 2557 1276 2604 nuptum
1307 2551 1542 2604 Megadoro
1576 2551 1701 2592 dabo.

338 2723 403 2755 249
427 2722 523 2755 Illud
548 2721 639 2755 seito
665 2723 707 2754 ut
784 2722 851 2754 254
875 2719 1026 2753 facimus
1099 2722 1250 2763 optuma
1326 2721 1392 2753 255
1414 2720 1514 2753 Istue
1539 2718 1603 2753 fiet
1673 2719 1738 2754 256

249 2780 423 2812 strennue
494 2780 560 2812 258
583 2778 772 2812 inaudisse
849 2778 914 2810 260
941 2777 1195 2810 deblattauisti
