1897 3171
780 181 821 215 v.
853 182 1043 215 440—453.
1581 183 1660 222 325

174 326 289 364 quam
326 311 529 350 fatendum
569 315 628 348 est
665 324 821 348 versum
858 324 936 347 non
967 313 1168 356 constare,
1210 310 1285 346 nisi
1314 309 1446 346 hiatus
1476 309 1545 346 fiat
1573 313 1665 358 post

173 378 319 420 Etiam
355 382 423 418 vix
461 379 672 418 credibilis.
740 378 916 417 Dousam
956 379 1081 416 secuti
1117 377 1232 414 Both.
1263 377 1402 427 Wagn.
1434 377 1501 415 Fr.
1537 374 1659 423 „huc“

175 449 422 487 addiderunt.
506 447 709 484 Neminem
761 447 875 484 video
927 445 1253 483 animadvertisse
1301 446 1460 493 gravius
1504 446 1662 491 vitium,

173 517 410 566 singularem
463 529 668 553 numerum
722 516 826 552 inter
880 514 1053 564 pluralia
1106 517 1146 550 et
1199 513 1475 551 antecedentia
1520 518 1559 550 et
1604 526 1664 550 se-

174 586 353 636 quentia,
407 584 449 622 id
502 583 607 633 quod
658 583 754 622 mihi
809 569 987 633 spurium
1039 595 1194 619 versum
1241 594 1324 618 esse
1368 583 1578 632 persuasit.
1609 601 1666 605 —

171 663 334 704 yreyem
379 649 609 699 uenalium,
666 653 692 690 i.
732 665 765 690 e.
804 664 1028 697 servorum,
1083 649 1131 687 cf.
1181 648 1275 687 Cist.
1319 650 1409 687 562.
1460 669 1515 674 —
1570 650 1663 686 445.

172 719 298 772 facite
329 734 462 758 omnes
494 720 605 758 codd.
640 720 842 758 Obiectum
880 723 961 756 tam
992 718 1107 755 facile
1145 717 1307 755 auditur
1338 731 1456 767 quam
1487 718 1526 754 in
1558 721 1665 754 ante-

173 789 329 827 cedenti
358 789 491 835 verbo,
526 789 573 826 cf.
610 790 686 827 355
725 786 922 834 ..curate“‚
957 789 1036 825 265
1074 790 1233 833 „curata
1263 786 1324 823 fac
1353 784 1472 823 sint“.
1493 804 1542 810 —
1571 786 1665 822 446.

173 858 317 895 Versus
348 858 500 894 incuria
531 857 571 894 in
601 857 632 894 B
665 858 829 894 omissus
860 859 1001 906 postea
1031 854 1191 892 additus
1225 858 1302 900 est3
1334 855 1374 890 in
1406 853 1491 891 cod.
1523 852 1558 889 D
1589 857 1666 890 est:

178 926 388 975 „Temperi
428 925 491 962 abi
530 922 676 975 opera“
717 927 871 962 omissis
910 924 1070 970 mediis,
1116 925 1157 960 in
1188 922 1206 958 I
1247 922 1485 970 ceterisque:
1544 921 1668 967 „Hem

173 995 274 1044 perii
306 992 410 1030 abi“.
473 990 674 1042 Temperi,
706 994 731 1031 i.
751 1007 782 1031 e.
815 995 919 1030 iusto
949 996 1139 1042 tempore,
1171 994 1335 1036 mature,
1369 990 1416 1028 cf.
1442 989 1553 1039 Capt.
1577 990 1667 1027 183.

173 1062 247 1112 Ep.
266 1062 360 1099 402.
407 1060 526 1098 Most.
548 1062 639 1099 308.
686 1061 791 1098 Men.
819 1063 913 1098 457.
960 1060 1080 1097 Merc.
1110 1060 1203 1097 980.
1252 1058 1393 1095 Pseud.
1422 1059 1514 1096 387.
1561 1057 1667 1095 Pers.

176 1131 269 1168 766.
315 1129 437 1167 Stich.
458 1131 551 1167 651.
611 1129 767 1166 Ironice
801 1129 964 1174 dicitur3
997 1127 1193 1176 significat
1223 1128 1326 1164 enim
1358 1140 1445 1164 sero
1477 1140 1565 1163 eum
1595 1126 1669 1163 hoc

173 1197 307 1235 iubere
338 1211 378 1234 se
409 1198 550 1245 facere,
583 1202 794 1247 postquam
826 1201 943 1247 caput
974 1210 1084 1234 suum
1115 1196 1291 1243 fregerit,
1327 1195 1373 1232 cf.
1406 1194 1534 1232 Oasin.
1569 1195 1668 1231 389:

178 1266 396 1315 „Temperi,
428 1269 642 1316 postquam
674 1270 985 1315 oppuguatumst
1016 1263 1099 1302 os“.
1129 1284 1177 1288 -
1205 1260 1434 1311 impleuisti,
1468 1263 1515 1300 cf.
1542 1261 1668 1299 Casin.

180 1335 281 1372 123:
333 1348 428 1384 „ego
459 1338 499 1371 te
529 1334 690 1382 inplebo
720 1331 895 1382 flagris“.
956 1333 1120 1370 Lucian.
1153 1332 1252 1369 Tim.
1289 1333 1359 1369 57:
1407 1332 1492 1379 φέρε
1524 1345 1579 1366 σοι
1610 1331 1670 1375 τὴν

176 1403 330 1450 κεφαλὴν
355 1403 526 1450 ἐμπλήσω
551 1402 737 1439 κονδύλων.
767 1422 824 1427 ——
854 1403 950 1440 447.
982 1401 1080 1439 Post
1111 1398 1179 1439 abi
1203 1400 1355 1447 hiatus3
1387 1399 1536 1436 Ritsch.
1560 1398 1671 1436 Neue

173 1470 308 1517 Exc.I,
326 1483 363 1519 p.
378 1471 425 1508 81
452 1468 653 1517 .,Introd“,
670 1470 877 1519 Mffllenp.
890 1471 968 1507 675
992 1468 1161 1516 ..abite“‚
1180 1469 1348 1506 fortasse
1365 1472 1484 1506 recte.
1503 1487 1557 1492 -
1575 1468 1670 1504 448.

174 1534 291 1576 Heus
308 1538 422 1576 Both.
442 1552 528 1585 em.,
549 1540 769 1588 superiores
791 1536 943 1585 „Heu“.
982 1548 1065 1586 pro
1082 1534 1331 1586 aemulando,
1351 1536 1454 1585 quod
1472 1536 1670 1585 vapulavi,

176 1607 222 1644 cf.
254 1606 387 1643 Madv.
421 1606 486 1643 Gr.
519 1607 610 1644 Lat.
644 1608 723 1644 416
763 1611 845 1644 not.
881 1608 916 1643 2.
949 1627 1004 1632 —
1040 1607 1134 1644 449.
1175 1615 1245 1655 690
1283 1606 1543 1654 posteriorem
1582 1617 1671 1653 pro-

175 1674 296 1721 ducit,
330 1674 376 1712 cf.
409 1675 513 1712 Prol.
546 1689 584 1725 p.
622 1677 712 1713 195.
777 1672 929 1713 (ludum
963 1676 988 1712 i.
1018 1688 1050 1711 e.
1084 1687 1220 1723 nuper,
1254 1687 1289 1710 v.
1323 1673 1372 1709 ad
1403 1672 1546 1722 Amph.
1578 1674 1670 1709 654.

177 1739 400 1781 conductus
429 1739 496 1790 fui
527 1743 575 1780 ad
606 1743 750 1793 Amph.
779 1744 869 1780 183.
902 1763 958 1768 —
989 1744 1084 1781 450.
1116 1739 1226 1790 Lessa
1257 1739 1370 1790 ccqcse'to
1401 1751 1571 1787 mecmn,
1608 1739 1673 1783 ..Si

176 1811 272 1860 quid
301 1811 375 1848 tibi
407 1825 428 1848 a
459 1825 520 1848 me
552 1812 705 1848 iniuriae
737 1812 881 1848 factum
915 1825 998 1848 esse
1030 1814 1158 1860 putas,
1192 1811 1251 1847 ius
1283 1813 1391 1846 tuum
1426 1810 1602 1858 experire
1635 1811 1674 1845 et

175 1892 236 1916 me
266 1879 306 1916 in
337 1880 398 1916 ius
429 1892 527 1916 voca
558 1893 604 1916 ex
634 1878 743 1929 lege“
778 1879 930 1926 Lamb.,
972 1880 1018 1917 cf.
1051 1879 1136 1915 Mil.
1171 1879 1265 1915 455.
1327 1878 1481 1914 Terent.
1514 1876 1671 1913 Phorm.

178 1948 278 1986 984:
316 1947 427 1993 „Una
456 1948 603 1984 iniuria
635 1952 694 1984 est
725 1951 866 1985 tecum.
916 1947 994 1984 CH.
1028 1947 1131 1994 Lege
1164 1946 1268 1995 agito
1301 1944 1442 1994 ergo“;
1477 1945 1525 1981 ad
1559 1958 1674 1993 quem

179 2015 310 2052 locum
341 2015 517 2052 Donatus
549 2015 649 2052 hunc
681 2015 813 2053 Plauti
855 2030 1009 2053 versum
1049 2015 1177 2061 affert,
1225 2014 1292 2051 sed
1330 2014 1472 2050 omisso
1510 2026 1595 2050 voc.
1627 2009 1672 2058 I,

179 2084 368 2133 expunxit
406 2085 523 2121 etiam
560 2083 613 2130 D,
661 2083 767 2121 Brix.
809 2088 848 2121 et
886 2084 1029 2132 WVagn.
1063 2085 1205 2121 omisso
1247 2080 1333 2129 „et“
1377 2095 1449 2118 scr.
1486 2080 1586 2127 ,‚ei“,
1628 2080 1673 2117 cf.

177 2151 284 2188 Men.
327 2153 421 2189 425.
495 2153 605 2190 Asin.
648 2154 739 2190 379.
811 2153 899 2190 Aul.
941 2153 1034 2190 760.
1069 2153 1162 2189 793.
1234 2150 1373 2187 Bacch.
1417 2151 1509 2187 896.
1555 2150 1673 2186 1056.

179 2219 248 2265 aL,
287 2219 355 2256 sed
395 2233 472 2256 non
509 2222 637 2257 minus
676 2224 783 2257 recte
816 2221 960 2257 dicitur
996 2220 1037 2266 „I
1064 2250 1099 2257 ..
1119 2250 1126 2257 .
1153 2225 1215 2256 et''
1251 2222 1318 2256 aut
1351 2219 1393 2266 „I
1419 2248 1426 2255 .
1449 2247 1456 2254 .
1477 2247 1484 2254 .
1514 2215 1673 2265 atque“,

178 2300 214 2324 v,
246 2288 388 2337 Amph.
432 2289 524 2325 964.
588 2288 726 2326 Bacch.
774 2290 892 2326 1175.
958 2288 1069 2337 Capt.
1115 2289 1206 2325 630.
1271 2286 1356 2323 Cas.
1402 2286 1493 2322 563.
1555 2284 1673 2321 Mero.

182 2356 274 2393 273.
329 2356 437 2393 Pers.
474 2345 566 2394 604.
614 2357 770 2393 Truoul.
807 2358 908 2403 328,
943 2361 1060 2405 atque
1093 2357 1209 2393 etiam
1243 2356 1488 2392 coniunctum
1520 2356 1564 2388 ut
1593 2352 1630 2388 h.
1649 2352 1674 2388 l.

179 2423 300 2460 Merc.
335 2425 436 2461 278:
481 2425 538 2470 „ei
569 2429 607 2461 et
637 2425 711 2462 hoc
743 2428 938 2461 memento
972 2422 1153 2470 dicere“;
1195 2423 1240 2460 de
1265 2423 1385 2459 Poen.
1416 2421 1520 2457 1119
1555 2417 1676 2464 (..Sed

180 2492 192 2527 i
232 2495 350 2540 atque
391 2490 557 2539 euoca“)
603 2493 854 2529 vehementer
886 2492 1036 2529 dubito.
1083 2512 1138 2517 —-
1183 2488 1378 2529 molestus
1415 2499 1466 2525 ‘ne
1495 2485 1572 2532 Sis,
1619 2487 1675 2523 lo-

182 2559 351 2607 quendo,
385 2561 431 2597 cf.
464 2560 580 2597 Most.
609 2562 672 2597 71.
701 2561 748 2598 al.
779 2580 828 2585 -
858 2562 951 2598 451.
984 2558 1069 2598 Abi
1098 2558 1143 2598 m
1173 2556 1326 2596 malum
1358 2553 1594 2601 cruciatum,
1628 2555 1674 2592 cf.

181 2626 266 2664 Mil.
301 2628 393 2665 281.
427 2628 476 2666 al.

297 2696 391 2733 452.
438 2694 575 2733 Euclio
615 2697 718 2733 solus
760 2710 889 2734 secum
929 2696 976 2732 de
1018 2696 1246 2733 condicione
1285 2707 1354 2730 sua
1386 2692 1566 2741 queritur
1596 2695 1675 2728 tro-

185 2761 329 2800 chaicis
370 2765 613 2813 septenariis
649 2784 696 2789 —-
733 2766 827 2802 453.
873 2761 1033 2801 homine
1071 2764 1162 2799 olim
1204 2762 1388 2798 deletum.
1464 2759 1561 2796 Post
1593 2769 1677 2796 rem
