1897 3171
292 194 373 233 428
928 188 1142 224 Bacchides.

291 319 521 356 Latinitatis
538 319 645 356 Mon.
667 319 790 369 epigr.
807 332 846 369 p.
869 320 930 366 16,
955 318 1120 356 formam
1145 317 1492 367 Bellorophantem
1517 317 1774 365 commendat,

291 387 369 423 levi
399 399 490 423 sane
520 387 746 424 testimonio
776 400 881 424 usus.
913 406 968 412 -—
1000 387 1091 424 806.
1126 382 1237 434 Siue,
1268 385 1348 423 vid.
1381 385 1431 423 ad
1460 386 1569 424 Asin.
1605 388 1697 424 893.
1721 406 1778 411 --

295 455 387 493 808.
411 454 714 504 perqramtur,
747 467 783 493 V.
817 454 866 492 ad
897 456 992 492 739.
1027 474 1076 479 —-
1120 455 1198 492 809
1231 467 1288 504 sq.
1328 450 1480 491 uenire.
1527 453 1677 502 Senem,
1711 454 1779 504 qui

293 522 498 571 decipitur,
532 535 618 559 cum
650 535 762 559 servo
793 522 921 560 venali
953 525 1162 571 comparat,
1196 522 1242 560 cf.
1275 522 1380 559 infra
1412 522 1505 559 972.
1564 522 1650 560 Mil.
1685 523 1776 560 581.

291 590 503 640 Mancipia,
536 603 621 639 quae
653 590 725 627 sub
755 590 869 628 hasta
899 590 1180 637 vendebantur,
1213 592 1259 626 ut
1289 589 1471 639 quodque
1500 589 1702 638 veniebat,
1732 587 1780 627 in

293 655 429 706 lapide
459 658 629 705 stabant,
661 672 776 708 quem
807 657 932 696 Graeci
964 660 1127 707 πρατῆρα
1158 660 1265 694 λίθον
1297 657 1492 704 dicebant,
1524 657 1604 695 vid.
1630 658 1777 696 Polluc.

291 727 360 773 ΙΙΙ,
395 728 445 764 78
479 730 518 763 et
553 728 650 772 1263
683 726 801 774 vulgo
833 729 985 763 catasta
1017 726 1232 764 dicebatur.
1281 725 1358 764 Cic.
1385 727 1426 762 in
1449 725 1578 763 Pison.
1609 726 1671 773 15,
1706 727 1776 763 35:

297 794 418 841 „duos
450 794 496 831 de
527 794 659 844 lapide
691 797 843 843 emptos
874 792 1096 832 tribunos“.
1143 793 1378 841 Colum.III,
1407 795 1442 841 3,
1470 795 1512 831 8:
1551 793 1621 841 „de
1646 793 1780 843 lapide

291 864 453 901 noxium
484 875 598 911 posse
630 860 889 911 comparari“.
938 858 1151 900 Praeconis
1181 874 1258 899 vox
1286 862 1379 899 talis
1405 874 1486 898 esse
1510 863 1659 910 potuit:
1698 862 1780 898 Iam

292 930 412 980 Syrus
444 930 596 967 venibit
634 934 753 979 atque
790 931 831 966 in
861 931 947 980 ipso
979 930 1110 980 lapide
1141 929 1286 968 adstat.
1345 929 1496 967 Ritsch.
1528 932 1634 966 recte
1666 938 1783 977 eopse

293 1000 455 1048 scripsit
485 1012 557 1048 pro
593 1011 662 1046 „eo
692 998 822 1048 ipso“,
856 998 961 1047 quod
993 1011 1109 1035 sensu
1140 1002 1258 1036 caret.
1299 1018 1354 1023 -—-
1395 999 1487 1035 812.
1529 994 1573 1034 di
1605 993 1785 1047 (liliyu‘nt

291 1067 471 1116 Pylades.
532 1067 676 1104 Versus
709 1080 756 1103 ex
786 1066 1006 1103 Menandro
1040 1079 1258 1116 expressus,
1290 1066 1368 1104 vid.
1395 1079 1515 1116 supra
1543 1079 1582 1115 p.
1611 1067 1702 1103 369.
1727 1085 1783 1090 --

294 1136 387 1172 813.
419 1135 611 1172 Nicobulo
637 1135 692 1172 ait
718 1135 858 1172 melius
882 1135 1013 1181 fuisse,
1046 1136 1078 1171 si
1104 1138 1193 1171 ante
1219 1134 1362 1180 decem,
1390 1135 1509 1171 immo
1534 1137 1624 1171 ante
1640 1134 1783 1183 viginti

293 1217 415 1241 annos
452 1207 630 1240 mortuus
670 1206 784 1240 esset.
831 1223 883 1227 —
933 1204 1025 1240 815.
1072 1203 1215 1240 Versus
1261 1203 1365 1240 iusto
1412 1202 1591 1249 brevior-3
1638 1201 1784 1239 excidit

293 1271 453 1321 aliquid.
500 1272 546 1308 R.
574 1270 633 1308 Fl.
664 1272 763 1309 ..iam
794 1270 945 1320 pridem
979 1268 1202 1317 ambulat“;
1236 1270 1372 1308 Gertz:
1410 1271 1511 1318 „iam
1538 1268 1645 1317 diu“,
1679 1269 1783 1319 quod

291 1340 444 1377 facilius
477 1339 655 1376 excidere
684 1341 837 1388 potuit,
871 1339 1012 1388 Bergk.
1045 1338 1169 1377 Beitr.
1201 1338 1231 1385 Ι,
1264 1351 1302 1388 p.
1341 1339 1439 1375 100:
1479 1338 1671 1385 „stolidus
1704 1351 1783 1375 am-

291 1407 441 1445 bulat“.
480 1427 536 1432 -
572 1404 656 1444 ium
697 1406 807 1444 codd.
840 1410 962 1453 recte3
1009 1406 1054 1444 R.
1087 1406 1148 1444 Fl.
1189 1420 1235 1443 ex
1274 1405 1451 1455 Scioppii
1491 1406 1589 1443 coni.
1627 1402 1783 1453 „tam“;

291 1488 424 1512 verum
456 1488 533 1512 non
566 1475 654 1511 ideo
685 1478 801 1512 terrae
833 1475 966 1512 odium
1000 1475 1165 1521 dicitur,
1199 1475 1292 1524 quia
1321 1474 1420 1511 nihil
1451 1475 1568 1523 sapit.
1601 1493 1657 1498 —
1689 1474 1782 1511 816.

292 1542 460 1593 fuufjus,
495 1544 541 1581 cf.
575 1543 623 1579 ad
658 1544 749 1580 280.
781 1562 836 1568 --
870 1544 963 1581 819.
1003 1543 1100 1580 Post
1133 1552 1280 1580 aurum
1310 1542 1453 1580 hiatus.
1514 1542 1671 1579 Muller.
1709 1542 1787 1589 „At

292 1612 359 1661 pol
391 1610 496 1660 qui“.
529 1631 585 1635 -
618 1612 710 1648 824.
751 1608 864 1655 adeo,
897 1625 931 1648 v.
965 1611 1013 1648 ad
1045 1611 1187 1661 Amph.
1221 1611 1314 1648 464.
1340 1630 1395 1635 -
1419 1606 1619 1648 Scelerum
1651 1609 1783 1659 caput,

293 1694 329 1717 v.
357 1680 406 1717 ad
431 1679 540 1717 Cure.
570 1680 662 1716 234.
699 1699 746 1703 —
783 1680 876 1716 825.
908 1689 1023 1717 meus
1051 1675 1336 1717 Dfizesv'loclcus
1359 1675 1487 1727 filius,
1519 1692 1555 1716 v.
1575 1678 1624 1715 ad
1640 1678 1783 1728 Amph.

298 1750 417 1786 1093.
449 1768 504 1773 —
546 1749 638 1785 827.
688 1743 789 1785 Tres
826 1757 932 1785 unos
966 1757 1140 1796 passus,
1179 1748 1205 1784 i.
1239 1760 1270 1783 e.
1304 1747 1431 1794 solos,
1475 1746 1520 1784 cf.
1554 1746 1649 1784 Cist.
1685 1747 1783 1785 564:

300 1816 546 1866 „Crepundia
578 1812 696 1853 una“.
756 1815 898 1853 Pseud.
935 1816 1005 1853 54:
1049 1828 1173 1862 „nunc
1204 1828 1304 1852 unae
1337 1816 1508 1865 quinque
1538 1818 1787 1852 remorantur

294 1883 465 1922 minae“.
484 1904 538 1908 --
557 1885 649 1921 828.
674 1880 953 1933 pausillulum
969 1884 1014 1920 R.
1032 1883 1215 1932 Pyladem
1235 1887 1410 1929 secutus3
1444 1883 1575 1932 crepet
1596 1883 1786 1931 Angelius

296 1967 367 1990 em.
385 1973 440 1977 —
459 1954 552 1990 829.
587 1949 666 1990 Sat
691 1952 761 1990 632¹.
794 1952 1000 1989 Artamoni
1024 1953 1204 2000 imperat,
1231 1965 1278 1988 ne
1303 1952 1421 1988 latius
1447 1952 1602 2002 aperiat
1617 1955 1785 2000 portam.

297 2020 355 2067 R.,
388 2034 437 2057 ne
471 2033 604 2057 omnes
635 2020 756 2070 pedes
783 2021 947 2057 duarum
973 2019 1208 2068 syllabarum
1235 2021 1326 2066 sint,
1365 2017 1513 2065 „nunc“
1542 2023 1633 2068 post
1661 2017 1781 2066 „huc“

295 2088 417 2126 addit.
447 2108 501 2113 --
535 2090 627 2125 833.
660 2085 898 2126 Admodum
922 2088 1103 2134 affirmat,
1138 2088 1184 2125 cf.
1203 2087 1306 2125 infra
1335 2089 1455 2125 1108.
1501 2087 1643 2125 Pseud.
1667 2089 1785 2125 1151.

296 2156 397 2194 Rud.
435 2157 553 2194 1081.
615 2156 702 2193 Ter.
736 2157 891 2193 Phorm.
928 2157 1020 2193 315.
1082 2155 1175 2193 Hec.
1219 2157 1313 2194 458.
1375 2155 1451 2193 Cic.
1484 2155 1577 2204 Leg.
1610 2155 1686 2201 ΙΙΙ,
1723 2156 1785 2202 11,

297 2227 368 2262 26;
421 2224 527 2271 „Scis
559 2224 681 2260 solere
713 2226 752 2261 in
783 2224 1007 2262 huiusmodi
1040 2237 1235 2271 sermone,
1274 2227 1319 2260 ut
1349 2224 1511 2261 transiri
1545 2224 1620 2260 alio
1648 2224 1785 2272 possit,

297 2293 375 2329 dici
411 2290 668 2340 „admodum“
713 2296 779 2329 aut
823 2306 1007 2342 „prorsus
1046 2293 1103 2329 ita
1134 2289 1230 2329 est“.
1272 2313 1327 2317 —
1374 2293 1467 2330 835.
1510 2287 1691 2329 Frustra
1730 2301 1785 2337 68,

296 2361 463 2407 falleris,
510 2374 545 2397 v.
578 2360 719 2409 Amph.
755 2361 845 2398 967.
888 2381 942 2386 -
980 2356 1219 2407 humeris,
1267 2361 1351 2409 ipse
1382 2360 1578 2406 invenies,
1612 2359 1658 2396 cf.
1693 2360 1785 2397 770.

298 2429 388 2466 Aul.
424 2428 516 2466 562.

414 2498 506 2534 837.
554 2495 806 2533 Cleomachus
844 2496 955 2532 miles
992 2497 1117 2532 iratus
1155 2496 1332 2542 advenit,
1379 2509 1400 2532 a
1438 2496 1610 2545 parasito
1643 2495 1789 2532 certior

298 2565 422 2602 factus
468 2565 701 2601 Bacchidem
754 2565 928 2601 retineri.
977 2583 1034 2588 -
1081 2565 1173 2601 838.
1226 2561 1439 2602 mulierem
1493 2577 1572 2600 non
1624 2576 1789 2600 uxorem

300 2633 445 2679 solum,
493 2632 560 2669 sed
607 2635 726 2670 etiam
771 2631 1025 2669 concubinam
1072 2631 1149 2669 dici
1191 2635 1360 2678 constat,
1407 2645 1443 2668 v.
1483 2631 1577 2669 Hor.
1617 2631 1697 2668 Sat.
1737 2630 1787 2678 II,

303 2704 337 2747 5,
372 2702 436 2738 70.
469 2720 524 2725 —-
554 2696 699 2748 factio,
732 2699 898 2737 faciendi
938 2701 1059 2745 ratio,
1108 2699 1154 2736 cf.
1189 2699 1289 2738 Rud.
1326 2701 1445 2737 1371.
1486 2719 1542 2722 —
1583 2699 1674 2736 843.
1723 2708 1788 2736 633-

302 2765 541 2815 animalem,
590 2769 717 2806 anima
748 2768 940 2806 orbatum.
1003 2767 1105 2804 Rud.
1146 2768 1222 2804 221
1257 2768 1467 2804 transitivo
1499 2780 1614 2804 sensu
1650 2780 1789 2813 „curae
