1854 3188
213 197 235 235 6
895 199 1017 234 Plauti

209 318 251 360 Is
284 333 335 361 ex
366 334 411 362 se
442 320 555 365 hunc
584 322 773 376 reliquit,
807 324 881 378 qui
911 324 982 366 hic
1012 340 1127 367 nunc
1156 326 1340 379 habitat,
1372 328 1509 372 filium

210 390 380 433 Pariter
408 397 636 447 moratum,
666 398 715 436 ut
744 399 869 449 pater
899 410 1089 452 auosque
1119 398 1245 440 huius
1276 400 1370 442 fuit.

209 461 319 504 Huic
349 463 440 506 filia
468 479 555 507 una
586 469 669 518 est;
701 480 753 508 ea
783 467 887 508 mihi
919 469 1075 510 cotidie

208 534 294 576 Aut
323 538 420 577 ture
452 541 528 579 aut
556 538 657 579 uino
689 542 764 579 aut
794 539 927 592 aliqui
960 555 1129 594 semper
1160 542 1395 597 supplicat3

210 606 296 648 Dat
326 607 430 649 mihi
461 623 654 651 coronas.
714 610 818 652 Eius
850 611 1026 653 honoris
1056 613 1199 665 gratia

212 678 325 730 Feci,
357 679 641 723 thensaurum
670 686 719 723 ut
748 682 817 723 hic
847 684 1056 736 reperiret
1086 684 1249 735 Euclio,

212 749 304 799 Quo
336 751 456 794 illam
486 753 657 795 facilius
688 758 882 807 nuptum,
915 755 949 795 si
980 755 1120 807 vellet,
1154 757 1290 799 daret.

209 823 319 864 Nam
351 826 594 878 conpressit
625 840 718 867 eam
751 826 802 866 de
834 840 1000 867 summo
1033 827 1284 870 adulescens
1316 830 1424 872 loco.

208 895 249 936 Is
282 896 363 937 scit
394 897 660 949 adulescens,
691 912 802 951 quae
834 899 902 949 sit,
935 912 1064 952 quam
1096 903 1406 954 conpresserit3

208 967 290 1009 Illa
318 967 438 1010 illum
468 971 620 1021 nescit,
652 984 790 1023 neque
823 984 1096 1024 conpressam
1129 976 1272 1012 autem
1304 979 1437 1026 pater.

210 1039 315 1081 Eam
348 1053 426 1093 ego
459 1041 584 1083 hodie
616 1041 772 1083 faciam
803 1046 851 1083 ut
882 1042 951 1082 hic
982 1057 1109 1084 senex
1141 1043 1192 1084 de
1224 1059 1431 1097 proxumo

209 1111 300 1153 Sibi
329 1127 506 1154 uxorem
535 1118 710 1168 poscat3
740 1114 784 1155 id
816 1128 866 1155 ea
896 1114 1051 1155 faciam
1082 1116 1234 1168 gratia,

210 1181 302 1231 Quo
334 1183 406 1225 ille
438 1198 532 1226 eam
563 1185 733 1227 facilius
766 1186 908 1237 ducat,
942 1187 1013 1240 qui
1045 1194 1357 1240 conpresserat.

209 1255 266 1296 Et
295 1255 376 1307 hic,
408 1257 480 1311 qui
510 1262 663 1311 poscet
693 1271 786 1298 eam
817 1258 898 1299 sibi
928 1272 1104 1299 uxorem
1138 1273 1278 1311 senex,

209 1327 250 1368 Is
283 1328 571 1371 adulescentis
602 1330 718 1371 illius
751 1334 818 1371 est
849 1331 1097 1382 auonculus‚

210 1397 291 1447 Qui
322 1399 441 1441 illam
472 1402 692 1455 stuprauit
721 1406 864 1452 noctu,
898 1401 1066 1444 Cereris
1096 1403 1267 1456 uigiliis.

209 1470 292 1512 Sed
323 1471 393 1512 hic
424 1487 553 1514 senex
583 1474 670 1515 iam
702 1474 860 1515 clamat
890 1475 1018 1526 intus,
1049 1478 1098 1516 ut
1130 1475 1260 1528 solet3

210 1542 350 1584 Anum
381 1543 497 1586 foras
529 1546 731 1596 extrudit,
762 1560 815 1588 ne
847 1547 902 1587 sit
934 1547 1116 1588 conscia.

210 1614 359 1666 Credo,
392 1631 547 1658 aurum
577 1618 792 1672 inspicere
824 1618 929 1668 uolt,
961 1632 1014 1659 ne
1046 1619 1298 1672 subreptum
1333 1621 1426 1661 siet.

300 1772 343 1805 36
369 1772 504 1805 ceteris
597 1773 639 1809 37
664 1775 732 1809 hec

1650 628 1694 663 25

1650 989 1694 1022 30

1647 1345 1691 1379 35
