1897 3171
794 195 834 228 V.
863 196 991 230 31—71
1557 198 1637 236 533

153 327 252 375 παρὰ
283 325 503 375 προσδοκίαν
532 330 650 372 negat
682 338 723 361 se
748 329 929 362 mutuum
955 326 1166 370 facturum3
1210 329 1386 361 mutuum
1419 326 1517 361 enim
1549 337 1637 373 pro-

151 395 239 444 prio
278 395 519 431 contrarium
558 406 659 439 esse,
707 394 870 442 aerisque
903 393 1009 441 quod
1048 397 1183 429 mutuo
1229 395 1417 438 sumatur,
1467 393 1638 429 alienum

151 475 327 509 manere3
361 474 533 499 amorem
562 461 664 498 hunc
695 474 734 498 se
765 461 967 510 proprium
993 460 1065 497 sibi
1091 460 1301 497 vindicare.
1324 479 1371 484 —
1401 462 1462 497 50.
1496 456 1641 498 Iamne

153 534 191 567 et
215 533 305 568 cett.
334 530 445 568 codd.
473 533 512 566 et
534 529 565 566 Β
596 531 635 566 in
667 531 854 576 margine.
908 527 990 577 fert
1022 526 1170 576 bzcyum,
1204 528 1322 564 cubat
1349 541 1433 565 cum
1465 529 1638 566 viro.—

153 600 217 635 51.
251 595 372 646 quasi
392 611 428 636 v,
454 598 503 635 ad
527 597 667 647 Amph.
697 596 817 635 1094.
842 616 897 620 -—
931 597 994 633 52.
1028 593 1238 643 quippiam
1270 595 1375 641 cod.;
1411 597 1633 645 „quipiam“

149 666 300 703 Acidal.
334 666 392 704 Fl.
422 685 478 691 —
511 667 574 704 55.
607 665 772 702 Versum
797 663 910 701 affe-rt
932 663 1107 701 Macrob.
1134 663 1213 700 Sat.
1240 663 1289 709 ΙΙ,
1327 664 1375 700 14
1404 669 1502 701 extr.
1528 668 1637 714 quasi

150 747 196 771 ex
227 733 468 780 Cistellaria3
514 734 653 770 scribit
684 737 812 770 autem
850 729 1072 779 „nucleos“,
1111 731 1277 779 ideoque
1317 731 1363 767 de
1394 733 1510 781 pinea
1540 747 1639 771 nuce

148 802 351 850 intelligit.
413 801 524 848 Quod
556 803 588 838 si
618 801 824 850 probatur,
857 800 972 838 modo
1007 797 1239 844 .,nuculeos“
1278 799 1484 846 scribatur,
1523 814 1638 850 quam

147 869 313 906 formam
352 869 465 908 codd.
497 869 643 906 habent
674 869 785 919 Capt.
820 870 920 915 649,
960 881 1098 905 versus
1138 870 1304 904 constat.
1366 866 1406 903 Si
1445 870 1639 906 retinetur

147 934 336 976 nucleum
373 942 441 975 aut
478 934 714 984 nuculeum,
761 938 890 974 hiatus
929 939 1005 974 erit
1044 939 1112 972 aut
1149 940 1239 984 post
1275 931 1354 983 Qui
1400 940 1488 981 aut,
1534 937 1638 985 quod

148 1007 280 1055 potius
320 1006 457 1052 credo,
504 1007 544 1042 in
583 1018 742 1043 caesura.
818 1005 932 1042 Both.
965 1005 1024 1041 ed.
1062 1004 1160 1050 „Qui
1202 1003 1406 1041 nuculeum
1440 1017 1459 1040 e
1490 1004 1637 1050 nuce⁵‘;

147 1074 208 1112 Fl.
245 1073 302 1121 „E
340 1087 437 1111 nuce
475 1074 683 1111 nuculeum
723 1073 830 1123 qui‘'.
870 1093 924 1098 —
972 1075 1034 1110 56.
1079 1069 1233 1120 pandit
1271 1068 1442 1118 saltum,
1489 1076 1534 1110 ut
1573 1074 1640 1122 qui

147 1142 274 1179 invios
319 1144 471 1178 montes
510 1155 698 1191 superare
737 1142 915 1188 student,
962 1141 1010 1178 cf.
1052 1140 1178 1178 Oasin.
1221 1141 1322 1177 825:
1376 1141 1641 1188 „Inlecebram

149 1210 280 1258 stupri
309 1209 505 1259 principio
537 1223 620 1246 eam
653 1210 802 1246 sauium
833 1206 993 1259 posco“.
1025 1229 1082 1234 —
1116 1210 1179 1246 58.
1213 1206 1434 1257 quoiquam
1457 1208 1573 1246 Both.
1602 1213 1643 1246 et

148 1277 229 1324 F1.;
260 1277 378 1327 vulgo
413 1276 633 1327 „cuipiam“
670 1278 820 1324 editur,
853 1291 988 1314 verum
1020 1277 1119 1315 illud
1153 1281 1192 1314 et
1222 1278 1262 1313 in
1294 1276 1323 1313 B
1356 1280 1394 1313 et
1424 1278 1463 1313 in
1495 1276 1513 1313 I
1544 1278 1638 1326 legi-

147 1349 225 1383 tur.
255 1365 312 1370 —
345 1347 408 1383 59.
440 1341 573 1384 Immo
603 1346 652 1384 ut
681 1343 795 1384 illam
826 1342 998 1384 censes?
1028 1359 1079 1383 sc.
1113 1358 1253 1394 agere,
1287 1345 1333 1382 cf.
1368 1345 1508 1382 Bacch.
1544 1347 1638 1383 205.

146 1413 267 1451 Mero.
288 1414 387 1451 347:
424 1427 563 1463 „quem
596 1415 645 1451 ad
675 1414 834 1452 modum
859 1415 1068 1451 existumet
1090 1411 1204 1451 me‘?“
1253 1413 1359 1451 Trin.
1382 1415 1482 1451 811:
1519 1414 1640 1463 „quid

146 1482 257 1518 illum
287 1478 456 1531 putas‘?“
505 1482 592 1519 Ter.
618 1483 739 1520 Andr.
774 1484 874 1520 852:
911 1483 1032 1531 „quid
1063 1483 1174 1519 illum
1205 1478 1392 1519 censes?“
1442 1482 1516 1520 Ad.
1538 1483 1637 1520 656:

152 1549 274 1599 „quid
303 1550 391 1587 illas
423 1548 606 1588 censes?“
656 1551 733 1588 Cic.
759 1551 874 1589 Rosc.
899 1552 985 1588 Am.
1008 1552 1070 1597 17,
1104 1552 1180 1588 49:
1218 1549 1345 1597 „Quid
1377 1563 1508 1587 censes
1536 1550 1639 1588 hunc

147 1619 277 1667 ipsum
303 1617 340 1656 S.
367 1617 580 1656 Roscium?
613 1632 691 1669 quo
716 1619 845 1656 studio
865 1650 872 1656 .
894 1651 900 1657 .
921 1650 928 1657 .
949 1616 1082 1656 θεεθῗ)ἑὲ
1113 1638 1168 1644 -—-
1201 1619 1264 1655 61.
1300 1614 1389 1655 leno
1414 1614 1491 1663 hic,
1524 1618 1640 1656 Both.

148 1687 398 1736 transposuit
419 1700 556 1724 versus
581 1701 716 1734 causa3
749 1684 812 1724 hic
836 1687 1065 1725 adverbium
1094 1691 1162 1724 est.
1213 1682 1389 1732 incubat,
1423 1689 1642 1735 ἐγκοιμᾶται,

148 1759 195 1791 ut
225 1755 260 1791 ei
291 1754 385 1791 deus
415 1768 488 1804 per
518 1756 688 1804 quietem
714 1754 916 1805 significet,
950 1768 1026 1804 quo
1058 1755 1234 1793 remedio
1266 1756 1395 1792 curari
1426 1756 1563 1803 possit,
1593 1755 1643 1793 cf.

148 1823 253 1860 infra
285 1823 379 1860 266.
428 1822 504 1861 Cic.
530 1823 663 1861 Divin.
689 1824 717 1870 Ι,
751 1825 816 1869 43,
851 1824 915 1861 96.
963 1823 1288 1872 Verg.AEn.VII,
1317 1824 1382 1860 88.
1437 1823 1641 1872 Aristoph.

150 1891 255 1929 Plut.
290 1893 389 1929 621:
423 1892 724 1941 ἐγκατακλινοῦντ’
759 1892 900 1941 ἄγωμεν
930 1891 978 1933 εἰς
1009 1894 1239 1937 ,Ἀσκληπιοῦι
1271 1895 1310 1928 et
1343 1891 1390 1928 de
1422 1892 1642 1941 AEsculapii

148 1959 241 1997 fano
272 1960 312 1996 in
341 1960 470 1997 insula
501 1960 635 1998 Romae
666 1960 834 2007 Preller,
875 1959 1079 1997 Romische
1110 1960 1358 2009 Mythologie
1389 1973 1427 2008 p.
1463 1962 1555 1998 607.
1588 1980 1642 1985 --

152 2028 216 2065 63.
251 2024 419 2077 triyiwta
449 2025 607 2075 minas,
648 2030 820 2078 pretium
851 2040 1054 2075 magnum,
1096 2027 1163 2064 sed
1202 2040 1279 2065 non
1318 2028 1563 2075 inauditum,
1605 2042 1641 2067 v,

149 2094 267 2133 Most.
301 2097 401 2143 9573
436 2093 631 2134 talentum
661 2102 790 2134 autem
822 2096 985 2146 duplum
1018 2100 1094 2142 est,
1129 2099 1196 2133 aut
1225 2096 1335 2145 plus,
1378 2097 1409 2133 si
1447 2106 1644 2146 maymcm

154 2166 232 2210 est,
278 2176 315 2200 v.
356 2164 405 2200 ad
442 2165 532 2202 Aul.
568 2166 659 2202 301.
704 2185 750 2189 —-
801 2166 863 2201 65.
912 2159 1144 2202 Iniurius’s
1183 2163 1334 2201 Camer.
1368 2177 1440 2202 em.
1479 2185 1535 2189 -—
1576 2166 1640 2203 70.

152 2228 481 2279 dextrouorsum,
518 2232 632 2270 affert
658 2234 890 2281 glossarium
921 2232 1160 2279 Plautinum,
1192 2231 1342 2270 Ritsch.
1370 2232 1513 2281 Opusc.
1541 2232 1579 2268 II
1603 2245 1641 2281 p.

154 2300 246 2337 235.
308 2299 450 2338 Servus
487 2301 604 2338 solito
643 2315 754 2339 more
784 2302 946 2338 iocatur.
1023 2300 1097 2347 Qui
1129 2301 1222 2337 deos
1253 2300 1561 2345 venerabantur,
1602 2301 1642 2337 in

152 2367 328 2404 dextram
372 2371 528 2418 partem
576 2382 616 2406 se
662 2373 889 2407 convertere
934 2369 1131 2415 solebant,
1190 2368 1294 2416 quod
1334 2367 1457 2404 felicis
1500 2369 1643 2405 ominis

153 2438 250 2481 erat,
282 2448 318 2473 v.
351 2435 434 2474 Val.
467 2436 596 2474 Flacc.
630 2437 734 2484 VIII,
769 2438 872 2474 246:
922 2437 1129 2484 „dextrum
1169 2437 1320 2486 pariter
1359 2440 1571 2472 vertuntur
1601 2437 1642 2472 in

153 2501 327 2540 orbem“.
388 2503 473 2542 Liv.
498 2504 543 2551 V,
578 2506 643 2552 21,
681 2507 749 2543 16:
788 2505 1117 2551 „Convertentem
1148 2517 1189 2542 se
1220 2505 1325 2540 inter
1354 2503 1452 2540 hanc
1483 2516 1642 2540 venera-

152 2569 343 2608 tionem“.
397 2571 498 2610 Plin.
517 2572 564 2610 H.
583 2572 629 2610 N.
647 2573 828 2620 XXVIII,
856 2574 890 2620 2,
913 2576 947 2620 5,
968 2575 1039 2610 25:
1075 2574 1139 2620 „in
1163 2570 1364 2608 adorando
1389 2570 1567 2607 dextram
1592 2571 1642 2608 ad

153 2639 324 2676 osculum
344 2640 548 2677 referimus
564 2644 769 2691 totumque
787 2655 930 2691 corpus
955 2641 1272 2689 circumagimus,
1306 2639 1411 2687 quod
1436 2640 1476 2675 in
1502 2639 1641 2689 laevum

153 2707 289 2744 fecisse
320 2706 457 2744 Galliae
489 2709 711 2757 religiosius
743 2708 946 2746 credunt“.
993 2708 1153 2756 Dionys.
1178 2707 1280 2743 Hall.
1308 2706 1395 2752 XII,
1424 2707 1488 2744 22.
1537 2706 1639 2744 Plut.

153 2774 267 2812 Num.
290 2777 351 2821 14,
374 2778 393 2812 5
413 2789 469 2825 sq.
495 2796 550 2801 —
583 2779 645 2814 71.
681 2778 791 2814 Hunc
818 2790 972 2813 versum
996 2776 1118 2824 Gepp.
1138 2773 1196 2811 Fl.
1215 2774 1401 2811 Palinuro
1428 2773 1641 2821 dederunt3
