1854 3188
195 201 272 241 106
870 198 995 234 Plauti
1423 198 1485 242 IV,
1497 199 1530 242 4,
1544 198 1680 233 63—70

785 322 816 365 C
827 323 856 365 h
864 339 886 365 r
895 339 921 379 y
934 339 952 366 s
963 324 1048 366 alu
1061 338 1079 366 s

190 394 315 437 Nunc
345 399 394 438 tu
425 395 498 438 abi
537 395 671 448 intro,
709 395 945 439 Pistoclere
959 430 968 448 ‚
1006 396 1062 438 ad
1092 394 1355 437 Bacchidem
1394 399 1526 450 atque
1566 394 1680 437 ecfer

1143 468 1229 509 cito

762 539 794 581 P
807 541 821 581 i
833 544 880 582 st
892 554 915 582 o
929 539 974 581 cl
986 553 1008 581 e
1019 554 1040 581 r
1050 554 1077 581 u
1089 553 1107 581 s

193 608 334 659 Quid?

790 682 1086 738 Chrysalus

349 753 518 807 Stilum,
553 769 696 797 ceram
730 759 773 797 et
803 755 1003 808 tabellas,
1034 756 1181 797 linum.

770 849 1110 892 Pistoclerus

1193 921 1284 963 Iam
1315 920 1412 963 faxo
1444 920 1513 962 hic
1545 924 1681 962 erunt.

755 1009 982 1051 Mnesilo
997 1009 1123 1051 chus

192 1079 303 1131 Quid
333 1094 447 1122 nunc
479 1094 523 1123 es
554 1079 782 1123 facturus?

794 1167 1089 1222 Chrysalus

816 1240 865 1281 Id
896 1240 999 1281 mihi
1033 1239 1145 1281 dice:
1179 1243 1392 1282 coctumst
1423 1239 1653 1294 prandium
1665 1239 1684 1279 ἶ)

192 1312 281 1354 Uos
314 1312 397 1354 duo
424 1312 555 1364 eritis,
589 1317 721 1367 atquc
754 1313 893 1354 amica
923 1317 999 1353 tua
1032 1313 1115 1353 crit
1145 1316 1288 1354 tecum
1319 1312 1480 1354 tertia}>

759 1406 1124 1449 Mnesilochus

196 1478 266 1522 Sic
297 1484 346 1522 ut
379 1479 496 1521 dicis.

793 1549 928 1604 Chry
942 1549 1088 1591 salus

550 1622 791 1665 Pistoclero
823 1622 943 1663 nulla
975 1621 1185 1663 amicast?

758 1715 1127 1758 Mnesilochus

1266 1787 1401 1829 Immo
1434 1786 1579 1838 adest3
1619 1797 1685 1831 715

193 1861 386 1904 Alteram
418 1861 490 1903 ille
522 1865 639 1903 amat
672 1874 875 1912 sororem,
908 1874 986 1914 ego
1020 1860 1216 1911 alteram,
1249 1858 1398 1900 ambas
1429 1858 1683 1900 Bacchides.

792 1954 823 1996 C-
834 1955 923 2008 hr)v
937 1969 955 1996 s
970 1955 1053 1996 alu
1069 1968 1087 1996 s

196 2026 308 2078 Quid
339 2032 387 2069 tu
419 2027 636 2081 loqueris?

130 2092 133 2095 ’
758 2097 1127 2140 Mnesilochus

688 2169 803 2220 Quot
832 2169 967 2211 futuri
1000 2184 1159 2212 sumus.

794 2265 955 2319 Chrys
968 2265 1054 2306 alu
1068 2279 1086 2306 s

1222 2335 1350 2378 L‘bist
1379 2335 1602 2377 biclinium

194 2410 327 2453 Uobis
359 2410 572 2452 stratum?

760 2480 1126 2522 Mnesilochus

644 2551 756 2603 Quid
786 2553 831 2594 id
862 2553 1088 2606 exquaeris
1098 2553 1116 2593 ἱ)

285 2725 352 2759 ’713
383 2723 425 2757 Id
448 2723 538 2757 mihi
565 2723 646 2758 dice
671 2721 743 2756 CH.
817 2725 965 2757 coctum
990 2721 1185 2766 prandium
1213 2720 1241 2756 G
1308 2721 1374 2754 717
1404 2719 1483 2753 Hoc
1508 2722 1548 2753 ut
1572 2717 1687 2753 futuri

195 2782 262 2815 718
287 2780 456 2825 exqueris
