<?xml version="1.0" encoding="UTF-8"?>
<!DOCTYPE html PUBLIC "-//W3C//DTD XHTML 1.0 Transitional//EN"
    "http://www.w3.org/TR/xhtml1/DTD/xhtml1-transitional.dtd">
<html xmlns="http://www.w3.org/1999/xhtml" xml:lang="en" lang="en">
 <head>
  <title>
</title>
<meta http-equiv="Content-Type" content="text/html;charset=utf-8" />
  <meta name='ocr-system' content='tesseract 3.04.00' />
  <meta name='ocr-capabilities' content='ocr_page ocr_carea ocr_par ocr_line ocrx_word'/>
</head>
<body>
  <div class='ocr_page' id='page_1' title='image "./comoediaerecensu02plauuoft_0384.png"; bbox 0 0 1897 3171; ppageno 0'>
   <div class='ocr_carea' id='block_1_1' title="bbox 265 185 1231 224">
    <p class='ocr_par' dir='ltr' id='par_1_1' title="bbox 265 185 1231 224">
     <span class='ocr_line' id='line_1_1' title="bbox 265 185 1231 224; baseline -0.004 0"><span class='ocrx_word' id='word_1_1' title='bbox 265 186 346 224; x_wconf 81' lang='grc'>364</span> <span class='ocrx_word' id='word_1_2' title='bbox 717 185 918 219; x_wconf 83' lang='lat' dir='ltr'>Aulularia.</span> <span class='ocrx_word' id='word_1_3' title='bbox 974 185 1015 219; x_wconf 82' lang='lat' dir='ltr'>V.</span> <span class='ocrx_word' id='word_1_4' title='bbox 1043 186 1231 220; x_wconf 76' lang='lat'>825—828.</span> 
     </span>
    </p>
   </div>
   <div class='ocr_carea' id='block_1_2' title="bbox 262 313 1757 2063">
    <p class='ocr_par' dir='ltr' id='par_1_2' title="bbox 262 313 1751 633">
     <span class='ocr_line' id='line_1_2' title="bbox 264 313 1751 363; baseline 0 -12"><span class='ocrx_word' id='word_1_5' title='bbox 264 313 344 351; x_wconf 80' lang='lat' dir='ltr'>Sat.</span> <span class='ocrx_word' id='word_1_6' title='bbox 377 313 425 358; x_wconf 88' lang='lat' dir='ltr'>H,</span> <span class='ocrx_word' id='word_1_7' title='bbox 458 313 494 358; x_wconf 83' lang='lat'>4,</span> <span class='ocrx_word' id='word_1_8' title='bbox 530 314 594 350; x_wconf 79' lang='lat'>73.</span> <span class='ocrx_word' id='word_1_9' title='bbox 626 333 681 339; x_wconf 89' lang='lat'>--</span> <span class='ocrx_word' id='word_1_10' title='bbox 714 315 807 352; x_wconf 88' lang='lat'>825.</span> <span class='ocrx_word' id='word_1_11' title='bbox 839 314 940 352; x_wconf 84' lang='lat' dir='ltr'>Dote</span> <span class='ocrx_word' id='word_1_12' title='bbox 981 318 1110 351; x_wconf 83' lang='lat' dir='ltr'>autem</span> <span class='ocrx_word' id='word_1_13' title='bbox 1148 327 1244 363; x_wconf 88' lang='lat' dir='ltr'>opus</span> <span class='ocrx_word' id='word_1_14' title='bbox 1277 327 1360 350; x_wconf 88' lang='lat' dir='ltr'>esse</span> <span class='ocrx_word' id='word_1_15' title='bbox 1393 314 1488 350; x_wconf 88' lang='lat' dir='ltr'>dicit</span> <span class='ocrx_word' id='word_1_16' title='bbox 1521 313 1570 350; x_wconf 91' lang='lat' dir='ltr'>ad</span> <span class='ocrx_word' id='word_1_17' title='bbox 1603 315 1751 351; x_wconf 87' lang='lat' dir='ltr'>cultum</span> 
     </span>
     <span class='ocr_line' id='line_1_3' title="bbox 262 380 1747 432; baseline 0.001 -14"><span class='ocrx_word' id='word_1_18' title='bbox 262 382 445 418; x_wconf 83' lang='lat' dir='ltr'>uxorium</span> <span class='ocrx_word' id='word_1_19' title='bbox 484 380 787 430; x_wconf 86' lang='lat' dir='ltr'>comparandum</span> <span class='ocrx_word' id='word_1_20' title='bbox 827 395 972 431; x_wconf 87' lang='lat' dir='ltr'>eosque</span> <span class='ocrx_word' id='word_1_21' title='bbox 1011 385 1190 430; x_wconf 85' lang='lat' dir='ltr'>sumptus</span> <span class='ocrx_word' id='word_1_22' title='bbox 1229 381 1600 428; x_wconf 85' lang='lat' dir='ltr'>subministrandos,</span> <span class='ocrx_word' id='word_1_23' title='bbox 1648 396 1747 432; x_wconf 89' lang='lat' dir='ltr'>quos</span> 
     </span>
     <span class='ocr_line' id='line_1_4' title="bbox 265 449 1751 499; baseline 0.001 -14"><span class='ocrx_word' id='word_1_24' title='bbox 265 462 383 498; x_wconf 81' lang='lat' dir='ltr'>supra</span> <span class='ocrx_word' id='word_1_25' title='bbox 420 462 456 486; x_wconf 89' lang='lat' dir='ltr'>v.</span> <span class='ocrx_word' id='word_1_26' title='bbox 490 449 569 485; x_wconf 79' lang='lat'>499</span> <span class='ocrx_word' id='word_1_27' title='bbox 603 462 686 498; x_wconf 85' lang='lat' dir='ltr'>sqq.</span> <span class='ocrx_word' id='word_1_28' title='bbox 719 453 800 486; x_wconf 87' lang='lat' dir='ltr'>tam</span> <span class='ocrx_word' id='word_1_29' title='bbox 830 450 961 499; x_wconf 88' lang='lat' dir='ltr'>lepide</span> <span class='ocrx_word' id='word_1_30' title='bbox 994 449 1204 498; x_wconf 69' lang='lat' dir='ltr'>descripsit</span> <span class='ocrx_word' id='word_1_31' title='bbox 1241 449 1492 498; x_wconf 85' lang='lat' dir='ltr'>Megadorus.</span> <span class='ocrx_word' id='word_1_32' title='bbox 1563 450 1751 499; x_wconf 84' lang='lat' dir='ltr'>Septena-</span> 
     </span>
     <span class='ocr_line' id='line_1_5' title="bbox 264 516 1749 565; baseline 0.001 -12"><span class='ocrx_word' id='word_1_33' title='bbox 264 518 344 553; x_wconf 92' lang='lat' dir='ltr'>rius</span> <span class='ocrx_word' id='word_1_34' title='bbox 387 516 536 565; x_wconf 83' lang='lat' dir='ltr'>expleri</span> <span class='ocrx_word' id='word_1_35' title='bbox 575 520 716 565; x_wconf 88' lang='lat' dir='ltr'>potest,</span> <span class='ocrx_word' id='word_1_36' title='bbox 757 519 789 555; x_wconf 89' lang='lat' dir='ltr'>si</span> <span class='ocrx_word' id='word_1_37' title='bbox 828 517 875 554; x_wconf 88' lang='lat' dir='ltr'>ab</span> <span class='ocrx_word' id='word_1_38' title='bbox 913 518 1024 554; x_wconf 88' lang='lat' dir='ltr'>initio</span> <span class='ocrx_word' id='word_1_39' title='bbox 1064 516 1205 553; x_wconf 82' lang='lat' dir='ltr'><strong>addas:</strong></span> <span class='ocrx_word' id='word_1_40' title='bbox 1263 517 1398 563; x_wconf 59' lang='lat' dir='ltr'>„Quod</span> <span class='ocrx_word' id='word_1_41' title='bbox 1428 517 1502 555; x_wconf 90' lang='lat' dir='ltr'>tibi</span> <span class='ocrx_word' id='word_1_42' title='bbox 1533 516 1623 556; x_wconf 83' lang='lat' dir='ltr'>sit“.</span> <span class='ocrx_word' id='word_1_43' title='bbox 1690 518 1749 555; x_wconf 90' lang='lat' dir='ltr'>De</span> 
     </span>
     <span class='ocr_line' id='line_1_6' title="bbox 266 581 1213 633; baseline -0.001 -11"><span class='ocrx_word' id='word_1_44' title='bbox 266 581 437 622; x_wconf 71' lang='lat' dir='ltr'>crocotis</span> <span class='ocrx_word' id='word_1_45' title='bbox 467 597 502 621; x_wconf 89' lang='lat' dir='ltr'>v.</span> <span class='ocrx_word' id='word_1_46' title='bbox 536 597 654 633; x_wconf 81' lang='lat' dir='ltr'>supra</span> <span class='ocrx_word' id='word_1_47' title='bbox 688 586 778 632; x_wconf 83' lang='lat'>513,</span> <span class='ocrx_word' id='word_1_48' title='bbox 813 586 859 622; x_wconf 84' lang='lat' dir='ltr'>de</span> <span class='ocrx_word' id='word_1_49' title='bbox 889 582 1088 633; x_wconf 70' lang='lat' dir='ltr'>strophiis</span> <span class='ocrx_word' id='word_1_50' title='bbox 1123 585 1213 622; x_wconf 76' lang='lat'>508.</span> 
     </span>
    </p>

    <p class='ocr_par' dir='ltr' id='par_1_3' title="bbox 263 651 1757 1382">
     <span class='ocr_line' id='line_1_7' title="bbox 378 651 1752 702; baseline 0.002 -13"><span class='ocrx_word' id='word_1_51' title='bbox 378 653 469 690; x_wconf 76' lang='lat'>826.</span> <span class='ocrx_word' id='word_1_52' title='bbox 509 651 647 689; x_wconf 86' lang='lat' dir='ltr'>Euclio</span> <span class='ocrx_word' id='word_1_53' title='bbox 678 654 877 700; x_wconf 81' lang='lat' dir='ltr'>miseram,</span> <span class='ocrx_word' id='word_1_54' title='bbox 907 667 1024 702; x_wconf 88' lang='lat' dir='ltr'>quam</span> <span class='ocrx_word' id='word_1_55' title='bbox 1056 652 1181 689; x_wconf 86' lang='lat' dir='ltr'>adhuc</span> <span class='ocrx_word' id='word_1_56' title='bbox 1214 653 1340 702; x_wconf 86' lang='lat' dir='ltr'>degit,</span> <span class='ocrx_word' id='word_1_57' title='bbox 1373 654 1496 690; x_wconf 86' lang='lat' dir='ltr'>vitam</span> <span class='ocrx_word' id='word_1_58' title='bbox 1531 654 1752 692; x_wconf 81' lang='lat' dir='ltr'>describere</span> 
     </span>
     <span class='ocr_line' id='line_1_8' title="bbox 263 716 1751 772; baseline 0.003 -16"><span class='ocrx_word' id='word_1_59' title='bbox 263 719 432 757; x_wconf 79' lang='lat' dir='ltr'>videtur.</span> <span class='ocrx_word' id='word_1_60' title='bbox 484 716 653 767; x_wconf 64' lang='lat' dir='ltr'>„Demos</span> <span class='ocrx_word' id='word_1_61' title='bbox 669 717 834 759; x_wconf 75' lang='lat' dir='ltr'>serobes</span> <span class='ocrx_word' id='word_1_62' title='bbox 856 719 902 759; x_wconf 51' lang='lat' dir='ltr'>¹in</span> <span class='ocrx_word' id='word_1_63' title='bbox 927 719 993 759; x_wconf 70' lang='lat' dir='ltr'>(lie</span> <span class='ocrx_word' id='word_1_64' title='bbox 1016 717 1224 768; x_wconf 71' lang='lat' dir='ltr'>ecfbdere“</span> <span class='ocrx_word' id='word_1_65' title='bbox 1251 722 1304 758; x_wconf 79' lang='lat' dir='ltr'>ait</span> <span class='ocrx_word' id='word_1_66' title='bbox 1329 721 1466 770; x_wconf 84' lang='lat' dir='ltr'>Wagn.</span> <span class='ocrx_word' id='word_1_67' title='bbox 1490 734 1585 770; x_wconf 87' lang='lat' dir='ltr'>„pro</span> <span class='ocrx_word' id='word_1_68' title='bbox 1609 735 1751 772; x_wconf 86' lang='lat' dir='ltr'>magno</span> 
     </span>
     <span class='ocr_line' id='line_1_9' title="bbox 264 786 1753 840; baseline 0.001 -15"><span class='ocrx_word' id='word_1_69' title='bbox 264 792 302 825; x_wconf 90' lang='lat' dir='ltr'>et</span> <span class='ocrx_word' id='word_1_70' title='bbox 333 801 549 825; x_wconf 86' lang='lat' dir='ltr'>aerumnoso</span> <span class='ocrx_word' id='word_1_71' title='bbox 573 788 718 835; x_wconf 85' lang='lat' dir='ltr'>labore,</span> <span class='ocrx_word' id='word_1_72' title='bbox 751 790 775 826; x_wconf 87' lang='lat' dir='ltr'>i.</span> <span class='ocrx_word' id='word_1_73' title='bbox 803 802 835 826; x_wconf 87' lang='lat' dir='ltr'>e.</span> <span class='ocrx_word' id='word_1_74' title='bbox 863 791 947 826; x_wconf 83' lang='lat' dir='ltr'>vita</span> <span class='ocrx_word' id='word_1_75' title='bbox 976 790 1077 826; x_wconf 87' lang='lat' dir='ltr'>curis</span> <span class='ocrx_word' id='word_1_76' title='bbox 1106 792 1144 825; x_wconf 91' lang='lat' dir='ltr'>et</span> <span class='ocrx_word' id='word_1_77' title='bbox 1169 790 1368 826; x_wconf 81' lang='lat' dir='ltr'>anxietate</span> <span class='ocrx_word' id='word_1_78' title='bbox 1392 793 1533 827; x_wconf 85' lang='lat' dir='ltr'>vexata</span> <span class='ocrx_word' id='word_1_79' title='bbox 1561 786 1753 840; x_wconf 84' lang='lat' dir='ltr'>accipio“.</span> 
     </span>
     <span class='ocr_line' id='line_1_10' title="bbox 265 856 1757 906; baseline 0.002 -14"><span class='ocrx_word' id='word_1_80' title='bbox 265 856 340 893; x_wconf 86' lang='lat' dir='ltr'>Sed</span> <span class='ocrx_word' id='word_1_81' title='bbox 370 857 529 906; x_wconf 81' lang='lat' dir='ltr'>proprie</span> <span class='ocrx_word' id='word_1_82' title='bbox 560 857 683 905; x_wconf 83' lang='lat' dir='ltr'>accipi</span> <span class='ocrx_word' id='word_1_83' title='bbox 714 860 847 906; x_wconf 85' lang='lat' dir='ltr'>potest</span> <span class='ocrx_word' id='word_1_84' title='bbox 876 857 923 894; x_wconf 89' lang='lat' dir='ltr'>de</span> <span class='ocrx_word' id='word_1_85' title='bbox 955 870 1010 903; x_wconf 88' lang='lat' dir='ltr'>eo,</span> <span class='ocrx_word' id='word_1_86' title='bbox 1045 858 1111 905; x_wconf 88' lang='lat' dir='ltr'>qui</span> <span class='ocrx_word' id='word_1_87' title='bbox 1142 857 1258 893; x_wconf 87' lang='lat' dir='ltr'>ollam</span> <span class='ocrx_word' id='word_1_88' title='bbox 1284 857 1413 894; x_wconf 80' lang='lat' dir='ltr'>decies</span> <span class='ocrx_word' id='word_1_89' title='bbox 1438 858 1479 894; x_wconf 92' lang='lat' dir='ltr'>in</span> <span class='ocrx_word' id='word_1_90' title='bbox 1506 857 1569 894; x_wconf 87' lang='lat' dir='ltr'>die</span> <span class='ocrx_word' id='word_1_91' title='bbox 1598 858 1757 895; x_wconf 85' lang='lat' dir='ltr'>effodie-</span> 
     </span>
     <span class='ocr_line' id='line_1_11' title="bbox 264 924 1754 973; baseline 0.002 -13"><span class='ocrx_word' id='word_1_92' title='bbox 264 924 331 961; x_wconf 84' lang='lat' dir='ltr'>bat</span> <span class='ocrx_word' id='word_1_93' title='bbox 355 928 392 961; x_wconf 89' lang='lat' dir='ltr'>et</span> <span class='ocrx_word' id='word_1_94' title='bbox 417 924 543 961; x_wconf 88' lang='lat' dir='ltr'>decies</span> <span class='ocrx_word' id='word_1_95' title='bbox 568 924 844 961; x_wconf 72' lang='lat' dir='ltr'>abscondebat.</span> <span class='ocrx_word' id='word_1_96' title='bbox 892 925 946 962; x_wconf 88' lang='lat' dir='ltr'>Cf.</span> <span class='ocrx_word' id='word_1_97' title='bbox 976 928 1105 961; x_wconf 86' lang='lat' dir='ltr'>autem</span> <span class='ocrx_word' id='word_1_98' title='bbox 1139 925 1280 973; x_wconf 89' lang='lat' dir='ltr'>Amph.</span> <span class='ocrx_word' id='word_1_99' title='bbox 1318 926 1435 962; x_wconf 84' lang='lat'>1033.</span> <span class='ocrx_word' id='word_1_100' title='bbox 1469 945 1524 950; x_wconf 79' lang='lat'>—</span> <span class='ocrx_word' id='word_1_101' title='bbox 1556 927 1633 963; x_wconf 91' lang='lat'>827</span> <span class='ocrx_word' id='word_1_102' title='bbox 1668 939 1754 963; x_wconf 86' lang='lat' dir='ltr'>cum</span> 
     </span>
     <span class='ocr_line' id='line_1_12' title="bbox 265 989 1752 1042; baseline 0.001 -13"><span class='ocrx_word' id='word_1_103' title='bbox 265 993 464 1041; x_wconf 82' lang='lat' dir='ltr'>superiore</span> <span class='ocrx_word' id='word_1_104' title='bbox 495 993 676 1042; x_wconf 85' lang='lat' dir='ltr'>coniungi</span> <span class='ocrx_word' id='word_1_105' title='bbox 707 996 850 1042; x_wconf 87' lang='lat' dir='ltr'>potest.</span> <span class='ocrx_word' id='word_1_106' title='bbox 911 993 1012 1030; x_wconf 89' lang='lat' dir='ltr'>Non.</span> <span class='ocrx_word' id='word_1_107' title='bbox 1045 1006 1082 1042; x_wconf 87' lang='lat' dir='ltr'>p.</span> <span class='ocrx_word' id='word_1_108' title='bbox 1110 994 1180 1029; x_wconf 77' lang='lat'>98:</span> <span class='ocrx_word' id='word_1_109' title='bbox 1219 989 1332 1039; x_wconf 73' lang='lat' dir='ltr'>„Diu</span> <span class='ocrx_word' id='word_1_110' title='bbox 1364 1006 1434 1041; x_wconf 88' lang='lat' dir='ltr'>pro</span> <span class='ocrx_word' id='word_1_111' title='bbox 1469 993 1544 1040; x_wconf 87' lang='lat' dir='ltr'>die,</span> <span class='ocrx_word' id='word_1_112' title='bbox 1576 993 1680 1030; x_wconf 89' lang='lat' dir='ltr'>unde</span> <span class='ocrx_word' id='word_1_113' title='bbox 1713 997 1752 1030; x_wconf 89' lang='lat' dir='ltr'>et</span> 
     </span>
     <span class='ocr_line' id='line_1_13' title="bbox 269 1058 1754 1106; baseline 0.001 -10"><span class='ocrx_word' id='word_1_114' title='bbox 269 1058 488 1106; x_wconf 79' lang='lat' dir='ltr'>„interdiu“</span> <span class='ocrx_word' id='word_1_115' title='bbox 525 1060 679 1097; x_wconf 89' lang='lat' dir='ltr'>dicitur.</span> <span class='ocrx_word' id='word_1_116' title='bbox 733 1061 901 1098; x_wconf 75' lang='lat' dir='ltr'>Titinius</span> <span class='ocrx_word' id='word_1_117' title='bbox 927 1061 1180 1098; x_wconf 90' lang='lat' dir='ltr'>Fullonibus:</span> <span class='ocrx_word' id='word_1_118' title='bbox 1213 1074 1282 1097; x_wconf 83' lang='lat' dir='ltr'>nec</span> <span class='ocrx_word' id='word_1_119' title='bbox 1313 1064 1429 1098; x_wconf 86' lang='lat' dir='ltr'>noctu</span> <span class='ocrx_word' id='word_1_120' title='bbox 1464 1074 1534 1097; x_wconf 87' lang='lat' dir='ltr'>nec</span> <span class='ocrx_word' id='word_1_121' title='bbox 1565 1061 1632 1098; x_wconf 90' lang='lat' dir='ltr'>diu</span> <span class='ocrx_word' id='word_1_122' title='bbox 1662 1061 1754 1099; x_wconf 86' lang='lat' dir='ltr'>licet</span> 
     </span>
     <span class='ocr_line' id='line_1_14' title="bbox 264 1126 1755 1177; baseline 0.001 -13"><span class='ocrx_word' id='word_1_123' title='bbox 264 1128 480 1165; x_wconf 84' lang='lat' dir='ltr'>fullonibus</span> <span class='ocrx_word' id='word_1_124' title='bbox 507 1130 719 1177; x_wconf 83' lang='lat' dir='ltr'>quiescant.</span> <span class='ocrx_word' id='word_1_125' title='bbox 766 1129 928 1166; x_wconf 86' lang='lat' dir='ltr'>Plautus</span> <span class='ocrx_word' id='word_1_126' title='bbox 954 1129 1178 1166; x_wconf 83' lang='lat' dir='ltr'>Mercatore</span> <span class='ocrx_word' id='word_1_127' title='bbox 1199 1126 1331 1175; x_wconf 87' lang='lat' dir='ltr'>(immo</span> <span class='ocrx_word' id='word_1_128' title='bbox 1349 1128 1488 1166; x_wconf 86' lang='lat' dir='ltr'>Casina</span> <span class='ocrx_word' id='word_1_129' title='bbox 1514 1127 1633 1176; x_wconf 83' lang='lat'>768):</span> <span class='ocrx_word' id='word_1_130' title='bbox 1666 1142 1755 1166; x_wconf 89' lang='lat' dir='ltr'>noc-</span> 
     </span>
     <span class='ocr_line' id='line_1_15' title="bbox 264 1195 1750 1245; baseline 0.002 -13"><span class='ocrx_word' id='word_1_131' title='bbox 264 1200 384 1245; x_wconf 87' lang='lat' dir='ltr'>tuque</span> <span class='ocrx_word' id='word_1_132' title='bbox 431 1200 471 1233; x_wconf 88' lang='lat' dir='ltr'>et</span> <span class='ocrx_word' id='word_1_133' title='bbox 515 1196 583 1233; x_wconf 89' lang='lat' dir='ltr'>diu</span> <span class='ocrx_word' id='word_1_134' title='bbox 627 1200 673 1234; x_wconf 91' lang='lat' dir='ltr'>ut</span> <span class='ocrx_word' id='word_1_135' title='bbox 718 1198 803 1234; x_wconf 87' lang='lat' dir='ltr'>uiro</span> <span class='ocrx_word' id='word_1_136' title='bbox 841 1197 1007 1234; x_wconf 85' lang='lat' dir='ltr'>subdola</span> <span class='ocrx_word' id='word_1_137' title='bbox 1045 1199 1109 1235; x_wconf 88' lang='lat' dir='ltr'>sis.</span> <span class='ocrx_word' id='word_1_138' title='bbox 1177 1197 1284 1234; x_wconf 88' lang='lat' dir='ltr'>Idem</span> <span class='ocrx_word' id='word_1_139' title='bbox 1326 1199 1366 1234; x_wconf 89' lang='lat' dir='ltr'>in</span> <span class='ocrx_word' id='word_1_140' title='bbox 1404 1197 1612 1234; x_wconf 82' lang='lat' dir='ltr'>Aulularia</span> <span class='ocrx_word' id='word_1_141' title='bbox 1651 1195 1750 1235; x_wconf 86' lang='lat' dir='ltr'>cet.“</span> 
     </span>
     <span class='ocr_line' id='line_1_16' title="bbox 267 1263 1752 1314; baseline 0.001 -13"><span class='ocrx_word' id='word_1_142' title='bbox 267 1263 469 1301; x_wconf 83' lang='lat' dir='ltr'>Charisius</span> <span class='ocrx_word' id='word_1_143' title='bbox 508 1278 545 1313; x_wconf 93' lang='lat' dir='ltr'>p.</span> <span class='ocrx_word' id='word_1_144' title='bbox 592 1266 667 1302; x_wconf 83' lang='lat'>185</span> <span class='ocrx_word' id='word_1_145' title='bbox 700 1265 742 1302; x_wconf 90' lang='lat' dir='ltr'>P.</span> <span class='ocrx_word' id='word_1_146' title='bbox 785 1279 831 1302; x_wconf 83' lang='lat' dir='ltr'>ex</span> <span class='ocrx_word' id='word_1_147' title='bbox 869 1265 1056 1303; x_wconf 88' lang='lat' dir='ltr'>Sallustio</span> <span class='ocrx_word' id='word_1_148' title='bbox 1098 1265 1232 1302; x_wconf 86' lang='lat' dir='ltr'>affert:</span> <span class='ocrx_word' id='word_1_149' title='bbox 1292 1264 1443 1311; x_wconf 85' lang='lat' dir='ltr'>„Noctu</span> <span class='ocrx_word' id='word_1_150' title='bbox 1484 1264 1628 1314; x_wconf 89' lang='lat' dir='ltr'>diuque</span> <span class='ocrx_word' id='word_1_151' title='bbox 1673 1268 1752 1302; x_wconf 85' lang='lat' dir='ltr'>sta-</span> 
     </span>
     <span class='ocr_line' id='line_1_17' title="bbox 263 1332 1568 1382; baseline 0.001 -12"><span class='ocrx_word' id='word_1_152' title='bbox 263 1334 390 1370; x_wconf 84' lang='lat' dir='ltr'>tiones</span> <span class='ocrx_word' id='word_1_153' title='bbox 427 1336 465 1369; x_wconf 88' lang='lat' dir='ltr'>et</span> <span class='ocrx_word' id='word_1_154' title='bbox 495 1333 652 1382; x_wconf 83' lang='lat' dir='ltr'>vigilias</span> <span class='ocrx_word' id='word_1_155' title='bbox 684 1332 877 1370; x_wconf 83' lang='lat' dir='ltr'>tentare“.</span> <span class='ocrx_word' id='word_1_156' title='bbox 911 1353 965 1357; x_wconf 90' lang='lat'>—</span> <span class='ocrx_word' id='word_1_157' title='bbox 997 1343 1108 1371; x_wconf 71' lang='lat' dir='ltr'>eram</span> <span class='ocrx_word' id='word_1_158' title='bbox 1140 1333 1304 1370; x_wconf 86' lang='lat' dir='ltr'>Bothius</span> <span class='ocrx_word' id='word_1_159' title='bbox 1337 1333 1568 1371; x_wconf 82' lang='lat' dir='ltr'>emendavit.</span> 
     </span>
    </p>

    <p class='ocr_par' dir='ltr' id='par_1_4' title="bbox 263 1399 1756 2063">
     <span class='ocr_line' id='line_1_18' title="bbox 379 1399 1754 1451; baseline -0.001 -13"><span class='ocrx_word' id='word_1_160' title='bbox 379 1402 472 1438; x_wconf 90' lang='lat'>828.</span> <span class='ocrx_word' id='word_1_161' title='bbox 518 1399 656 1447; x_wconf 81' lang='lat' dir='ltr'>„Haec“</span> <span class='ocrx_word' id='word_1_162' title='bbox 694 1402 750 1438; x_wconf 83' lang='lat' dir='ltr'>ait</span> <span class='ocrx_word' id='word_1_163' title='bbox 779 1401 915 1451; x_wconf 84' lang='lat' dir='ltr'>Wagn.</span> <span class='ocrx_word' id='word_1_164' title='bbox 954 1415 1061 1449; x_wconf 75' lang='lat' dir='ltr'>„esse</span> <span class='ocrx_word' id='word_1_165' title='bbox 1092 1405 1259 1451; x_wconf 86' lang='lat' dir='ltr'>possunt</span> <span class='ocrx_word' id='word_1_166' title='bbox 1290 1401 1410 1438; x_wconf 85' lang='lat' dir='ltr'>verba</span> <span class='ocrx_word' id='word_1_167' title='bbox 1442 1401 1652 1447; x_wconf 87' lang='lat' dir='ltr'>Liconidis,</span> <span class='ocrx_word' id='word_1_168' title='bbox 1686 1401 1754 1450; x_wconf 87' lang='lat' dir='ltr'>qui</span> 
     </span>
     <span class='ocr_line' id='line_1_19' title="bbox 264 1466 1754 1519; baseline 0.001 -14"><span class='ocrx_word' id='word_1_169' title='bbox 264 1469 412 1505; x_wconf 87' lang='lat' dir='ltr'>scilicet</span> <span class='ocrx_word' id='word_1_170' title='bbox 439 1468 654 1506; x_wconf 84' lang='lat' dir='ltr'>Strobilum</span> <span class='ocrx_word' id='word_1_171' title='bbox 685 1469 871 1507; x_wconf 80' lang='lat' dir='ltr'>libertate</span> <span class='ocrx_word' id='word_1_172' title='bbox 902 1471 1095 1519; x_wconf 85' lang='lat' dir='ltr'>promissa</span> <span class='ocrx_word' id='word_1_173' title='bbox 1134 1470 1266 1519; x_wconf 85' lang='lat' dir='ltr'>(quam</span> <span class='ocrx_word' id='word_1_174' title='bbox 1299 1472 1415 1506; x_wconf 85' lang='lat' dir='ltr'>antea</span> <span class='ocrx_word' id='word_1_175' title='bbox 1445 1466 1671 1518; x_wconf 80' lang='lat' dir='ltr'>negaverat)</span> <span class='ocrx_word' id='word_1_176' title='bbox 1705 1469 1754 1506; x_wconf 89' lang='lat' dir='ltr'>ad</span> 
     </span>
     <span class='ocr_line' id='line_1_20' title="bbox 265 1536 1756 1588; baseline 0.001 -15"><span class='ocrx_word' id='word_1_177' title='bbox 265 1550 401 1573; x_wconf 81' lang='lat' dir='ltr'>aurum</span> <span class='ocrx_word' id='word_1_178' title='bbox 432 1536 674 1574; x_wconf 87' lang='lat' dir='ltr'>reddendum</span> <span class='ocrx_word' id='word_1_179' title='bbox 705 1537 947 1588; x_wconf 85' lang='lat' dir='ltr'>impulerit“.</span> <span class='ocrx_word' id='word_1_180' title='bbox 1009 1538 1097 1575; x_wconf 90' lang='lat' dir='ltr'>Non</span> <span class='ocrx_word' id='word_1_181' title='bbox 1130 1537 1255 1574; x_wconf 86' lang='lat' dir='ltr'>credo.</span> <span class='ocrx_word' id='word_1_182' title='bbox 1297 1537 1431 1587; x_wconf 84' lang='lat' dir='ltr'>Longe</span> <span class='ocrx_word' id='word_1_183' title='bbox 1463 1537 1578 1575; x_wconf 87' lang='lat' dir='ltr'>aliter</span> <span class='ocrx_word' id='word_1_184' title='bbox 1609 1537 1756 1574; x_wconf 88' lang='lat' dir='ltr'>dicitur</span> 
     </span>
     <span class='ocr_line' id='line_1_21' title="bbox 264 1605 1752 1653; baseline 0.001 -12"><span class='ocrx_word' id='word_1_185' title='bbox 264 1605 336 1642; x_wconf 91' lang='lat' dir='ltr'>hoc</span> <span class='ocrx_word' id='word_1_186' title='bbox 375 1605 535 1642; x_wconf 86' lang='lat' dir='ltr'>verbum</span> <span class='ocrx_word' id='word_1_187' title='bbox 574 1605 717 1643; x_wconf 91' lang='lat' dir='ltr'>Pseud.</span> <span class='ocrx_word' id='word_1_188' title='bbox 763 1607 888 1644; x_wconf 85' lang='lat'>1123:</span> <span class='ocrx_word' id='word_1_189' title='bbox 950 1606 1093 1652; x_wconf 82' lang='lat' dir='ltr'>„habet</span> <span class='ocrx_word' id='word_1_190' title='bbox 1133 1609 1356 1653; x_wconf 78' lang='lat' dir='ltr'>argentum3</span> <span class='ocrx_word' id='word_1_191' title='bbox 1406 1606 1481 1642; x_wconf 86' lang='lat' dir='ltr'>iam</span> <span class='ocrx_word' id='word_1_192' title='bbox 1522 1605 1752 1643; x_wconf 88' lang='lat' dir='ltr'>admordere</span> 
     </span>
     <span class='ocr_line' id='line_1_22' title="bbox 264 1671 1751 1723; baseline 0 -13"><span class='ocrx_word' id='word_1_193' title='bbox 264 1673 365 1710; x_wconf 90' lang='lat' dir='ltr'>hunc</span> <span class='ocrx_word' id='word_1_194' title='bbox 402 1673 496 1710; x_wconf 86' lang='lat' dir='ltr'>mihi</span> <span class='ocrx_word' id='word_1_195' title='bbox 534 1671 686 1711; x_wconf 78' lang='lat' dir='ltr'>lubet“.</span> <span class='ocrx_word' id='word_1_196' title='bbox 756 1674 862 1711; x_wconf 88' lang='lat' dir='ltr'>Pers.</span> <span class='ocrx_word' id='word_1_197' title='bbox 898 1675 995 1711; x_wconf 77' lang='lat'>265:</span> <span class='ocrx_word' id='word_1_198' title='bbox 1042 1674 1279 1722; x_wconf 87' lang='lat' dir='ltr'>„lepidumst</span> <span class='ocrx_word' id='word_1_199' title='bbox 1318 1676 1534 1723; x_wconf 83' lang='lat' dir='ltr'>triparcos,</span> <span class='ocrx_word' id='word_1_200' title='bbox 1583 1673 1751 1721; x_wconf 90' lang='lat' dir='ltr'>uetulos,</span> 
     </span>
     <span class='ocr_line' id='line_1_23' title="bbox 264 1740 1753 1788; baseline 0.001 -11"><span class='ocrx_word' id='word_1_201' title='bbox 264 1741 395 1778; x_wconf 87' lang='lat' dir='ltr'>aridos</span> <span class='ocrx_word' id='word_1_202' title='bbox 426 1741 522 1777; x_wconf 89' lang='lat' dir='ltr'>bene</span> <span class='ocrx_word' id='word_1_203' title='bbox 555 1740 825 1779; x_wconf 85' lang='lat' dir='ltr'>admordere“.</span> <span class='ocrx_word' id='word_1_204' title='bbox 901 1741 1083 1779; x_wconf 83' lang='lat' dir='ltr'>Hertzius</span> <span class='ocrx_word' id='word_1_205' title='bbox 1119 1741 1427 1788; x_wconf 83' lang='lat' dir='ltr'>„admemordit“</span> <span class='ocrx_word' id='word_1_206' title='bbox 1465 1741 1608 1788; x_wconf 87' lang='lat' dir='ltr'>edidit,</span> <span class='ocrx_word' id='word_1_207' title='bbox 1649 1741 1753 1778; x_wconf 89' lang='lat' dir='ltr'>unde</span> 
     </span>
     <span class='ocr_line' id='line_1_24' title="bbox 263 1809 1752 1859; baseline 0.001 -14"><span class='ocrx_word' id='word_1_208' title='bbox 263 1810 461 1858; x_wconf 86' lang='lat' dir='ltr'>profectus</span> <span class='ocrx_word' id='word_1_209' title='bbox 504 1810 598 1847; x_wconf 90' lang='lat' dir='ltr'>olim</span> <span class='ocrx_word' id='word_1_210' title='bbox 638 1810 895 1847; x_wconf 86' lang='lat' dir='ltr'>conieceram:</span> <span class='ocrx_word' id='word_1_211' title='bbox 947 1809 1147 1859; x_wconf 87' lang='lat' dir='ltr'>„Namque</span> <span class='ocrx_word' id='word_1_212' title='bbox 1189 1814 1233 1847; x_wconf 90' lang='lat' dir='ltr'>ut</span> <span class='ocrx_word' id='word_1_213' title='bbox 1263 1810 1526 1848; x_wconf 87' lang='lat' dir='ltr'>admemordit</span> <span class='ocrx_word' id='word_1_214' title='bbox 1555 1810 1752 1847; x_wconf 88' lang='lat' dir='ltr'>hominem</span> 
     </span>
     <span class='ocr_line' id='line_1_25' title="bbox 264 1876 1753 1928; baseline 0 -14"><span class='ocrx_word' id='word_1_215' title='bbox 264 1877 401 1914; x_wconf 80' lang='lat' dir='ltr'>rabida</span> <span class='ocrx_word' id='word_1_216' title='bbox 432 1881 549 1927; x_wconf 85' lang='lat' dir='ltr'>atque</span> <span class='ocrx_word' id='word_1_217' title='bbox 577 1877 692 1915; x_wconf 82' lang='lat' dir='ltr'>auida</span> <span class='ocrx_word' id='word_1_218' title='bbox 716 1879 801 1915; x_wconf 84' lang='lat' dir='ltr'>auri</span> <span class='ocrx_word' id='word_1_219' title='bbox 824 1878 958 1924; x_wconf 86' lang='lat' dir='ltr'>fames,</span> <span class='ocrx_word' id='word_1_220' title='bbox 992 1878 1212 1927; x_wconf 87' lang='lat' dir='ltr'>Numquam</span> <span class='ocrx_word' id='word_1_221' title='bbox 1244 1879 1446 1928; x_wconf 86' lang='lat' dir='ltr'>quiescere</span> <span class='ocrx_word' id='word_1_222' title='bbox 1477 1876 1650 1928; x_wconf 72' lang='lat' dir='ltr'>potest²‘,</span> <span class='ocrx_word' id='word_1_223' title='bbox 1685 1881 1753 1915; x_wconf 85' lang='lat' dir='ltr'>aut</span> 
     </span>
     <span class='ocr_line' id='line_1_26' title="bbox 264 1945 1751 1995; baseline 0.001 -14"><span class='ocrx_word' id='word_1_224' title='bbox 264 1946 389 1981; x_wconf 86' lang='lat' dir='ltr'>simile</span> <span class='ocrx_word' id='word_1_225' title='bbox 421 1945 527 1994; x_wconf 91' lang='lat' dir='ltr'>quid.</span> <span class='ocrx_word' id='word_1_226' title='bbox 588 1945 645 1982; x_wconf 89' lang='lat' dir='ltr'>De</span> <span class='ocrx_word' id='word_1_227' title='bbox 676 1946 800 1982; x_wconf 85' lang='lat' dir='ltr'>forma</span> <span class='ocrx_word' id='word_1_228' title='bbox 830 1946 940 1983; x_wconf 84' lang='lat' dir='ltr'>verbi</span> <span class='ocrx_word' id='word_1_229' title='bbox 973 1949 1117 1994; x_wconf 88' lang='lat' dir='ltr'>praeter</span> <span class='ocrx_word' id='word_1_230' title='bbox 1149 1959 1205 1992; x_wconf 89' lang='lat' dir='ltr'>ea,</span> <span class='ocrx_word' id='word_1_231' title='bbox 1240 1959 1325 1995; x_wconf 86' lang='lat' dir='ltr'>quae</span> <span class='ocrx_word' id='word_1_232' title='bbox 1358 1945 1506 1983; x_wconf 86' lang='lat' dir='ltr'>Gellius</span> <span class='ocrx_word' id='word_1_233' title='bbox 1538 1946 1662 1993; x_wconf 87' lang='lat' dir='ltr'>affert,</span> <span class='ocrx_word' id='word_1_234' title='bbox 1705 1946 1751 1984; x_wconf 88' lang='lat' dir='ltr'>cf.</span> 
     </span>
     <span class='ocr_line' id='line_1_27' title="bbox 263 2012 1477 2063; baseline 0.001 -13"><span class='ocrx_word' id='word_1_235' title='bbox 263 2012 382 2050; x_wconf 88' lang='lat' dir='ltr'>Poen.</span> <span class='ocrx_word' id='word_1_236' title='bbox 420 2015 545 2051; x_wconf 88' lang='lat'>1077:</span> <span class='ocrx_word' id='word_1_237' title='bbox 585 2013 762 2060; x_wconf 87' lang='lat' dir='ltr'>„ludenti</span> <span class='ocrx_word' id='word_1_238' title='bbox 792 2026 916 2063; x_wconf 88' lang='lat' dir='ltr'>puero</span> <span class='ocrx_word' id='word_1_239' title='bbox 950 2013 1055 2063; x_wconf 90' lang='lat' dir='ltr'>quod</span> <span class='ocrx_word' id='word_1_240' title='bbox 1085 2014 1296 2051; x_wconf 87' lang='lat' dir='ltr'>memordit</span> <span class='ocrx_word' id='word_1_241' title='bbox 1327 2014 1477 2052; x_wconf 68' lang='lat' dir='ltr'>simia‘*.</span> 
     </span>
    </p>
   </div>
  </div>
 </body>
</html>
