1854 3188
623 315 1051 370 ARGUMENTUM
1096 319 1136 370 Ι.

254 452 392 495 Senex
422 467 591 495 auarus.
624 455 698 494 uix
729 454 811 496 sibi
842 455 1032 506 credens,
1062 455 1226 507 Euclio⁷

250 525 377 566 Domi
408 539 510 567 suae
542 525 758 567 defossam
788 526 933 567 multis
966 540 1062 567 cum
1096 527 1250 580 opibus

250 596 405 638 Aulam
434 597 610 647 inuenit,
641 612 898 652 rursumque
929 599 1099 652 penitus
1132 600 1347 642 conditam

250 668 469 721 Exanguis
500 683 645 710 amens
677 674 837 711 seruat.
898 669 1002 711 Eius
1034 670 1166 712 filiam

254 739 492 795 Lyconides
525 742 715 782 uitiarat.
777 741 951 783 Interea
983 756 1111 784 senex
1601 758 1621 790 5

250 812 523 865 Megadorus,
558 827 583 853 a
616 827 761 854 sorore
795 828 948 855 suasus
981 814 1138 855 ducere

249 884 450 936 Uxorem,
483 886 604 926 auari
634 890 811 938 gnatam
843 886 1040 939 deposcit
1071 886 1165 927 sibi.

250 957 395 999 Durus
428 971 557 998 senex
589 958 661 998 uix
690 958 916 1011 promittit,
948 962 1080 1012 atque
1113 958 1236 999 aulae
1268 959 1423 1000 timens

251 1029 388 1070 Domo
420 1029 637 1070 sublatam
669 1030 803 1071 uariis
834 1029 1052 1071 abstrudit
1082 1030 1200 1071 locis.

250 1100 435 1143 Insidias
466 1115 615 1142 seruos
646 1100 751 1142 facit
782 1101 908 1142 huius
942 1102 1184 1155 Lyconidis,
1582 1116 1623 1148 10

253 1171 334 1222 Qui
364 1173 575 1226 uirginem
607 1174 806 1224 uitiarat3
839 1178 969 1227 atque
1001 1174 1095 1227 ipse
1128 1173 1328 1215 obsecrat

252 1245 523 1286 Auonculum
553 1245 833 1299 Megadorum
866 1246 1039 1287 sibimet
1071 1246 1223 1287 cedere

251 1316 438 1359 Uxorem
470 1318 644 1359 amanti.
706 1317 789 1359 Per
820 1318 966 1360 dolum
996 1331 1095 1359 mox
1125 1317 1275 1359 Euclio

254 1387 393 1438 Quom
424 1389 686 1442 perdidisset
716 1390 873 1441 aulam,
905 1390 1126 1444 insperato
1159 1390 1336 1439 inuenit,

251 1460 498 1513 Laetusque
529 1465 676 1503 natam
708 1462 906 1504 conlocat
938 1462 1157 1516 Lyconidi.
1584 1474 1623 1507 15

608 1676 1039 1729 ARGUMENTUM
1088 1676 1156 1729 II.

252 1813 408 1854 Aulam
438 1818 657 1867 repertam
689 1815 784 1856 auri
815 1814 988 1869 plenam
1018 1814 1169 1855 Euclio

252 1884 306 1926 Ui
337 1899 500 1926 summa
533 1890 692 1937 seruat,
724 1886 892 1927 miseris
925 1886 1123 1928 adfectus
1153 1886 1303 1928 modis.

252 1957 492 2012 Lyconides
522 1958 650 1999 istius
682 1958 813 1999 uitiat
844 1957 976 1999 filiam

252 2029 355 2071 Uolt
385 2029 497 2070 hano
526 2029 785 2082 Megadorus
817 2030 1060 2072 indotatam
1092 2030 1260 2082 ducere,

252 2101 511 2155 Lubensque
541 2105 591 2142 ut
620 2101 765 2153 faciat,
799 2102 875 2144 dat
906 2115 1065 2156 coquos
1097 2116 1194 2144 cum
1227 2103 1419 2157 opsonio
1605 2114 1625 2146 5

253 2173 370 2215 Auro
401 2172 608 2215 formidat
639 2174 809 2226 Eucli03
843 2174 1062 2216 abstrudit
1091 2174 1209 2216 foris.

258 2246 320 2287 Re
353 2246 466 2287 omni
496 2246 694 2300 inspecta
725 2246 1014 2300 conpressoris
1048 2246 1245 2288 seruolus

254 2317 304 2359 Id
337 2318 497 2372 surpit3
529 2317 617 2359 illic
647 2317 844 2359 Euclioni
875 2332 966 2360 rem
997 2318 1150 2370 refert3

254 2389 319 2431 Ab
353 2404 402 2431 eo
435 2390 623 2432 donatur
654 2404 760 2432 auro
791 2404 924 2432 uxore
957 2394 999 2432 et
1029 2389 1130 2432 filio.

186 2543 453 2587 Dz'screpantia
476 2545 666 2589 scriptum>
691 2545 822 2580 codicis
845 2545 1214 2580 Palatino-Vaticani
1236 2546 1326 2578 1615
1355 2542 1555 2585 (Bitschelii
1576 2542 1624 2584 B)

186 2611 214 2654 Ι,
240 2613 260 2646 3
285 2623 432 2646 rursum
458 2623 538 2656 quae
597 2614 618 2646 6
643 2625 708 2647 sua
733 2625 793 2647 sus
856 2615 896 2647 12
921 2614 1019 2647 Auul
1045 2613 1167 2648 culum
1214 2611 1263 2655 ΙΙ,
1289 2612 1309 2645 6
1334 2610 1507 2644 abstridit
1530 2609 1629 2644 fores
