1854 3188
236 212 288 251 72
919 210 1041 246 Plauti
1263 224 1269 229 ·
1392 213 1421 257 1,
1436 215 1466 257 2,
1481 216 1524 249 55
1537 233 1580 238 —
1593 214 1639 258 11,
1654 216 1684 260 2,
1699 216 1722 250 3

888 335 1062 391 Lydus

232 406 358 448 Peior
387 406 594 460 magister
623 410 666 448 te
696 407 829 448 istaec
861 407 1018 459 docuit,
1050 423 1135 450 non
1167 423 1257 463 ego.

232 478 375 519 Nimio
409 492 453 519 es
483 483 532 519 tu
563 478 619 520 ad
648 479 754 520 istas
785 492 854 520 res
887 479 1122 533 discipulus
1156 481 1335 523 docilior

234 549 372 600 Quam
403 549 458 591 ad
487 549 574 601 illa,
606 564 715 604 quae
747 555 788 592 te
822 550 959 602 docui,
990 551 1064 593 ubi
1095 566 1271 606 operam
1301 553 1483 607 perdidi.

231 621 400 675 Edepol
431 620 570 663 fecisti
600 621 763 663 furtum
794 622 838 663 in
870 626 1059 664 aet-atem
1089 624 1262 675 malum,

233 692 371 744 Quom
402 694 538 735 istaec
569 692 734 747 flagitia
765 708 831 735 me
864 694 1062 736 celauisti
1094 700 1136 737 et
1166 700 1347 750 patrem.
1658 709 1724 743 165

811 795 1141 838 Pistoclerus

231 867 349 908 Istae
379 872 504 908 tenus
535 867 627 917 tibi,
659 867 788 921 Lyde,
822 867 1002 909 libertas
1035 868 1181 911 datast

233 938 465 980 Orationis.
529 938 642 980 Satis
675 944 757 990 est3
790 953 970 993 sequere
1001 955 1067 982 me
1100 955 1151 982 ac
1182 947 1290 983 tace.

681 1313 1013 1356 CHRYSALL'S
1048 1315 1277 1359 SERUOS.

228 1430 360 1471 Erilis
392 1431 535 1485 patria
568 1430 699 1474 salue.
734 1446 863 1485 quam
895 1446 971 1486 ego
1004 1433 1175 1475 biennio

228 1502 330 1544 Post
362 1516 490 1555 quam
523 1502 621 1544 hinc
653 1504 697 1544 iu
727 1503 947 1557 Ephesum
978 1504 1065 1546 abii
1097 1496 1315 1560 conspicio
1347 1506 1515 1548 lubens.

233 1573 384 1616 Saluto
416 1578 470 1623 te,
503 1575 644 1616 uicine
676 1575 842 1629 Apollo,
875 1576 947 1629 qui
979 1577 1159 1618 aedibus
1659 1592 1725 1624 170

232 1646 502 1699 Propinquos
532 1648 694 1688 nostris
727 1647 907 1698 adcolis,
939 1662 1184 1702 ueneroque
1216 1654 1271 1701 te,

231 1717 294 1758 Ne
327 1717 589 1759 Nicobulum
620 1732 687 1759 me
720 1719 833 1760 sinas
865 1724 1063 1762 nostrum
1096 1735 1239 1762 senem

231 1789 356 1831 Prius
389 1790 619 1831 conuenire
651 1803 782 1843 quam
813 1791 1006 1833 sodalem
1036 1792 1218 1834 uiderim

231 1861 486 1903 Mnesilochi
515 1862 819 1912 Pistoclerum,
853 1877 978 1916 quem
1009 1864 1066 1905 ad
1098 1865 1327 1918 epistolam

231 1933 522 1976 Mnesilochus
554 1934 673 1975 misit
706 1948 835 1988 super
867 1936 1006 1976 amica
1036 1936 1265 1978 Bacchide.
1659 1948 1723 1982 175

254 2147 634 2190 PISTOCLERUS
667 2149 1051 2192 ADULESCENS.
1115 2151 1445 2194 CHRYSALUS
1478 2153 1708 2196 SERL'OS.

808 2268 1148 2310 Pistoclerus

231 2337 431 2379 Mirumst
463 2351 543 2388 me,
574 2342 623 2379 ut
653 2339 840 2390 redeam,
873 2344 915 2381 te
949 2354 1077 2394 opere
1108 2346 1230 2382 tanto
1264 2356 1481 2396 quaesere,

232 2409 314 2459 Qui
345 2408 464 2450 abire
496 2409 594 2451 hinc
625 2411 744 2452 nullo
776 2415 904 2464 pacto
937 2413 1108 2465 possim,
1144 2415 1177 2454 si
1210 2414 1358 2465 uelimg

232 2481 301 2522 Ita
333 2495 400 2522 me
432 2481 640 2522 uadatum
672 2496 818 2524 amore
849 2484 1129 2537 uinctumque
1162 2484 1345 2526 adtines.

326 2666 385 2699 161
423 2666 495 2700 ista
521 2671 557 2700 et
586 2665 613 2700 C
718 2668 781 2700 162
817 2666 939 2701 Nimio
965 2671 1065 2701 testu
1088 2668 1124 2701 B
1232 2669 1407 2702 164—165
1430 2672 1618 2711 ponuntur
1635 2673 1727 2712 post

230 2723 310 2756 167.
408 2723 470 2756 167
495 2733 552 2756 me
576 2722 644 2757 hac
672 2734 713 2757 ac
804 2724 869 2757 169
893 2723 1061 2758 lumbens
1090 2724 1118 2758 C
1200 2726 1263 2758 170
1288 2725 1409 2769 apolle
1437 2724 1466 2759 C
1542 2725 1632 2760 Post
1657 2727 1721 2760 173

228 2779 269 2812 in
293 2778 328 2813 B
350 2783 563 2822 repetuntur
585 2782 747 2814 164—67
855 2781 917 2814 176
943 2780 1100 2814 Mirunst
1127 2781 1161 2815 B
