1845 3171
762 245 803 290 V,
829 248 1019 282 680—720.
1551 253 1627 291 585

145 388 276 428 quom,
309 391 344 415 v.
375 378 425 415 ad
449 377 589 426 Amph.
617 377 709 414 636.
735 395 790 401 —
817 376 910 414 695.
943 376 1219 414 Valetudinem
1244 378 1298 414 ait
1322 391 1476 416 causam
1499 378 1629 426 fuisse,

144 460 212 484 cur
238 446 437 483 industria
461 449 500 482 et
524 444 726 493 quaerendi
749 443 922 481 studium
947 447 1074 482 minus
1099 445 1219 482 fuerit
1246 459 1360 495 quam
1383 459 1456 496 pro
1481 447 1632 484 lenone.

142 534 197 540 —
229 522 388 564 quoquo
411 512 572 562 posset.
632 511 810 549 Merolin.
844 512 997 550 confert
1027 513 1135 550 Asin.
1175 514 1273 550 194:
1325 514 1416 560 „illa
1450 515 1526 551 alio
1562 515 1635 551 ibit

143 579 296 620 tamen“
346 594 431 630 sqq.
481 593 600 629 supra
646 580 720 616 46:
785 579 907 628 „Eam
953 580 1037 617 uolt
1082 581 1327 618 meretricem
1373 580 1539 619 facere“.
1579 603 1634 608 —

146 648 343 703 mitteret,
389 649 579 694 misisset,
627 648 674 685 cf.
706 647 840 685 Madv.
874 647 941 685 Gr.
973 648 1061 686 Lat.
1098 650 1174 685 347
1207 649 1231 685 b
1268 652 1350 687 not.
1386 651 1421 686 2.
1453 669 1508 675 -
1542 652 1632 688 697.

146 728 217 768 690
247 716 308 754 Fl.
342 716 455 763 add.;
501 715 658 753 Muiler.
695 714 834 762 „huc“.
896 715 1021 766 Gepp.
1060 717 1115 762 „si
1154 718 1258 766 potis
1289 716 1413 755 sum“.
1446 738 1501 743 —
1542 719 1633 756 698.

146 784 281 823 istunc
311 788 404 823 cett.
438 783 550 822 codd.
611 783 720 820 Leno
752 782 1016 831 significatur,
1057 797 1173 833 quem
1211 785 1396 822 trahebat
1425 786 1549 823 miles.
1582 805 1636 810 —-

147 855 240 892 700.
280 850 440 891 iudices
471 856 562 890 cett.
595 852 708 890 codd.
740 871 795 875 —
836 853 929 889 701.
975 848 1162 900 Quodne,
1205 853 1251 890 cf.
1285 852 1334 890 ad
1365 852 1505 902 Amph.
1541 855 1633 891 690.

146 920 416 970 Significatur:
469 920 594 967 „Num
632 933 679 957 ne
716 919 756 956 id
796 919 972 968 quidem,
1023 920 1129 969 quod
1159 920 1429 970 p1·omisisti'?‘²
1496 921 1637 958 Versus

147 1003 263 1027 causa
293 988 418 1039 Gepp.
456 986 639 1035 „Quod“;
673 987 811 1024 melius
844 987 993 1025 Camer.
1018 986 1224 1036 promisti,
1256 992 1301 1025 ut
1332 990 1424 1027 705.
1460 1009 1507 1014 —
1546 987 1634 1039 Qui,

148 1060 172 1096 i.
207 1071 239 1096 e.
274 1056 488 1107 quomodo,
512 1053 722 1104 promisi?
767 1055 826 1093 Fl.
859 1059 1034 1106 transp.:
1084 1056 1328 1103 „Promissi‘P
1369 1054 1489 1106 qui‘?“
1531 1057 1638 1106 quod

148 1128 301 1164 incuria
332 1125 563 1162 correctoris
594 1126 634 1161 in
666 1127 800 1161 nostro
832 1137 985 1173 quoque
1015 1128 1125 1161 textu
1156 1125 1336 1162 relictum
1369 1129 1438 1162 est.
1463 1145 1518 1149 —
1545 1126 1636 1163 702.

150 1195 196 1232 cf.
236 1193 336 1231 Rud.
381 1194 507 1230 1374:
559 1192 856 1239 „iusiurandum
902 1194 959 1228 rei
1005 1192 1241 1239 seruandae,
1289 1206 1365 1230 non
1410 1193 1638 1242 perdundae

151 1262 352 1299 conditum
383 1257 481 1298 est“.
501 1279 549 1285 —
576 1257 648 1297 hec
678 1262 719 1297 in
750 1259 781 1296 B
813 1261 1018 1306 omissum,
1052 1261 1117 1297 sed
1149 1261 1282 1298 eadem
1314 1274 1431 1298 manu
1464 1261 1640 1298 additum

151 1334 222 1367 est.
256 1348 304 1354 -
341 1330 434 1366 703.
469 1324 589 1366 Nihil
621 1325 728 1376 &9553
762 1341 846 1365 cum
879 1341 926 1366 eo
958 1329 1021 1378 agi
1052 1342 1130 1365 non
1160 1333 1305 1379 potest.
1329 1349 1385 1353 —
1417 1330 1510 1367 705.
1544 1325 1639 1366 libe-

151 1394 252 1444 rali,
291 1411 328 1435 v.
361 1397 454 1434 489.
488 1416 543 1422 ——-
581 1398 675 1434 707.
727 1392 866 1444 Quid?
909 1393 1063 1446 neme-5¹¹?
1118 1397 1192 1443 Qui
1231 1410 1487 1447 personarum
1526 1400 1638 1434 notas

152 1465 325 1512 addidit,
364 1465 465 1501 male
508 1465 571 1502 hic
611 1468 650 1501 et
690 1465 730 1500 in
768 1465 959 1514 proximis
998 1464 1150 1502 duobus
1191 1465 1365 1502 versibus
1398 1464 1639 1503 Curculionis

153 1547 292 1571 nomen
332 1533 486 1584 posuit3
533 1533 668 1569 militis
707 1532 789 1569 haec
829 1545 911 1568 esse
953 1533 1104 1582 antiqui
1143 1533 1229 1570 edd.
1261 1533 1554 1570 intellexerunt.
1585 1551 1640 1557 —

157 1599 243 1651 Quo
266 1599 514 1650 praesente?
546 1614 599 1638 sc.
627 1601 699 1637 hoc
729 1599 838 1637 dixi?
858 1620 906 1625 —
928 1602 1021 1638 708.
1055 1597 1155 1638 Non
1186 1600 1321 1639 taces?
1353 1615 1388 1639 v.
1419 1601 1468 1637 ad
1498 1601 1641 1650 Amph.

153 1671 245 1708 693.
306 1669 384 1707 Sed
428 1669 529 1706 male
566 1669 648 1706 haec
686 1671 726 1706 in
765 1668 876 1706 codd.
909 1669 1039 1706 lenoni
1076 1669 1326 1716 tribuuntur3
1374 1669 1478 1718 quod
1524 1682 1640 1718 quum

151 1739 370 1776 tenuissent
408 1737 518 1784 edd„
566 1738 745 1786 proxima
790 1738 845 1774 sic
882 1738 986 1774 inter
1023 1749 1208 1787 persona-s
1247 1737 1482 1774 diviserunt:
1534 1736 1639 1783 „TH.

151 1807 238 1844 Non
268 1810 395 1844 taceo.
457 1806 534 1844 CA.
567 1806 654 1842 Non
686 1804 817 1843 etc.“‘?
871 1805 993 1842 Immo
1026 1806 1152 1843 oratio
1184 1809 1242 1842 est
1273 1806 1478 1843 continua:
1531 1804 1641 1851 „Non

151 1878 284 1921 taceo;
331 1887 410 1912 non
448 1872 546 1912 etc.“
618 1873 736 1910 Miles
781 1874 957 1910 lenonem
995 1877 1125 1910 tacere
1172 1873 1281 1910 iubet
1324 1886 1395 1910 nec
1433 1886 1516 1910 rem
1557 1885 1639 1910 cer-

151 1944 340 1981 tissimam
382 1946 422 1980 et
457 1942 627 1980 testibus
667 1942 934 1980 confirmatam
973 1954 1136 1991 negare,
1199 1941 1285 1978 leno
1339 1954 1378 1978 se
1429 1941 1641 1977 taciturum

152 2024 236 2048 esse
281 2014 411 2059 negat.
460 2030 514 2036 —-
561 2011 652 2048 712.
700 2007 832 2056 illius,
879 2013 924 2046 ut
961 2023 996 2046 v.
1031 2010 1109 2047 413
1159 2009 1324 2058 aliisque
1371 2009 1504 2046 multis
1548 2009 1641 2045 locis

155 2083 225 2117 aut
254 2078 418 2129 spondei
456 2082 525 2116 aut
561 2079 708 2127 dactyli
748 2075 969 2115 mensuram
1006 2077 1155 2114 habere
1193 2076 1371 2123 videtur,
1419 2091 1453 2114 v.
1486 2076 1639 2122 Luchs,

152 2146 485 2197 Genetivbildung
529 2146 598 2184 der
635 2147 703 2183 lat.
744 2146 980 2184 Pronomina
1017 2159 1055 2195 p.
1090 2146 1141 2182 49
1183 2158 1268 2195 sqq.
1300 2165 1355 2171 --
1397 2146 1490 2181 714.
1530 2144 1642 2181 Hunc

151 2227 308 2252 versum
346 2214 548 2253 Acidalius
592 2217 726 2252 versui
767 2216 846 2252 716
885 2214 1134 2264 postposuit,
1183 2226 1300 2262 quum
1342 2215 1418 2250 715
1466 2213 1514 2249 ab
1560 2213 1638 2249 713

153 2283 288 2321 divelli
328 2296 407 2321 non
442 2286 659 2332 pateretur.
735 2282 811 2320 Sed
855 2282 967 2319 minae
1014 2281 1151 2318 militis
1198 2281 1344 2318 iudicio
1383 2280 1526 2317 additae
1564 2292 1642 2317 non

153 2350 390 2401 impediunt,
433 2364 511 2400 quo
550 2352 678 2389 minus
717 2351 807 2388 leno
845 2349 1032 2387 iudicium
1073 2349 1267 2399 perfidum
1300 2361 1383 2386 esse
1416 2347 1539 2394 dicat,
1573 2360 1642 2384 nec

153 2418 321 2455 Acidalii
359 2430 543 2456 versuum
582 2419 780 2456 ordinatio
818 2418 913 2456 ferri
953 2421 1107 2468 potest,
1154 2418 1247 2463 nisi,
1295 2416 1400 2466 quod
1440 2419 1478 2453 et
1514 2416 1641 2466 ipsum

153 2486 296 2534 voluit,
341 2499 378 2524 v.
413 2487 492 2523 717
537 2484 683 2534 „Tum“
725 2500 797 2536 pro
841 2483 948 2533 ,‚Tu“
994 2485 1200 2531 scribitur,
1244 2497 1366 2533 eaque
1404 2483 1537 2521 lenoni
1573 2483 1640 2520 tri-

152 2554 342 2592 buuntur.
360 2573 416 2579 —
441 2555 535 2592 717.
568 2554 665 2592 Post
696 2554 731 2591 ΐθ
761 2554 906 2591 hiatur.
961 2554 1128 2590 Pareus:
1166 2552 1274 2598 „Quo
1299 2564 1440 2601 sequar
1464 2563 1535 2598 ego
1560 2548 1640 2596 te“,

153 2622 323 2668 incuria,
363 2635 453 2659 nam
487 2619 610 2670 „ego“
644 2623 684 2659 in
715 2622 828 2659 codd.
862 2635 939 2658 non
971 2625 1041 2657 est.
1074 2640 1129 2645 ——
1171 2620 1264 2656 718.
1307 2618 1352 2656 cf.
1386 2619 1435 2656 ad
1469 2619 1560 2656 680.
1586 2637 1642 2642 —

155 2689 248 2728 719.
282 2687 324 2727 in
353 2699 524 2728 neruom
554 2690 647 2727 olim
681 2690 942 2728 emendatum.
960 2708 1014 2712 —
1033 2689 1126 2725 720.
1158 2697 1209 2724 oze
1235 2687 1277 2723 tu
1303 2684 1466 2724 nescias
1490 2687 1639 2735 scripsi,

154 2757 285 2795 deleto
307 2755 431 2804 „me“,
462 2757 566 2807 quod
583 2771 718 2795 versus
742 2771 817 2794 non
841 2757 1012 2806 patitur3
1046 2755 1157 2793 Both.
1176 2755 1235 2792 Fl.
1260 2767 1329 2801 „ne
1358 2767 1417 2790 me
1444 2751 1641 2801 nescias“;

156 2824 271 2874 Seyfi.
306 2825 417 2863 Stud.
449 2839 487 2876 p.
522 2827 567 2862 4:
619 2839 690 2872 „ne
721 2829 763 2862 tu
796 2838 856 2861 me
888 2820 1109 2861 hauseias“.
1142 2842 1195 2846 —
1235 2822 1328 2860 723.
1376 2821 1513 2858 Hiatus
1554 2826 1641 2871 post
