1854 3188
186 186 251 231 111,
268 188 298 230 5,
313 188 446 222 29—48
864 184 888 218 C
894 185 1015 229 aptiui-
1596 190 1673 230 185

185 312 413 367 Meumque
444 312 590 366 potius
622 324 688 352 me
721 314 850 365 caput
880 310 1073 365 periculo

185 384 533 439 Praeoptauisse,
566 396 695 437 quam
725 383 761 424 is
792 383 965 436 periret,
997 396 1171 436 ponere.

849 454 1018 508 Hegio

185 529 336 570 Facito
370 542 482 582 ergo,
514 532 562 569 ut
592 526 829 568 Acherunti
861 526 1004 567 clueas
1036 526 1185 578 gloria.

793 598 1066 651 Tyndarus

187 671 271 722 Qui
302 687 379 726 per
411 672 620 714 uirtutem
650 672 774 725 perit,
807 671 938 718 aiunt,
970 684 1054 711 non
1085 670 1246 712 interit.

850 742 1018 795 Hegio

186 815 366 865 Quando
399 829 476 869 ego
508 819 551 856 te
585 814 793 869 exemplis
824 815 1037 869 pessumis
1071 813 1324 856 oruciauero
1610 825 1676 859 635

184 888 325 941 Atque
358 888 411 929 ob
444 887 608 929 sutelas
639 892 737 928 tuas
769 890 812 928 te
844 887 972 928 morti
1003 887 1169 937 misero,

188 959 268 1001 [el
299 964 342 1001 te
374 959 573 1001 interisse
604 958 675 1000 uel
704 959 870 1012 perisse
903 959 1170 1012 praedicent.

187 1031 300 1072 Dum
332 1045 497 1085 pereas,
527 1030 636 1072 nihil
667 1031 857 1082 interdo;
891 1031 1037 1073 dicant
1068 1031 1227 1072 uiuere.

793 1102 1068 1157 Tyndarus
1142 1154 1144 1157 v

186 1174 264 1215 Po}
296 1175 330 1216 si
362 1176 475 1216 istuc
506 1174 628 1226 faxis,
660 1174 775 1216 haud
807 1175 897 1216 sine
929 1189 1069 1229 poena
1100 1174 1262 1225 feceris,

185 1246 227 1288 Si
260 1246 333 1288 ille
367 1247 449 1288 huo
479 1247 650 1297 rebitet,
685 1247 745 1288 sie
776 1253 825 1288 ut
857 1246 1023 1288 confido
1056 1246 1217 1288 adfore.
1612 1255 1678 1289 690

718 1319 1148 1373 Aristophontes

182 1389 264 1431 Pro
298 1390 342 1432 di
371 1390 636 1443 inmortales,
667 1405 778 1432 nuno
811 1405 887 1444 ego
920 1396 1062 1441 teneo,
1094 1403 1209 1431 nuno
1242 1391 1344 1440 scio,

185 1461 297 1511 Quid
327 1462 409 1504 hoc
442 1463 497 1504 sit
527 1463 685 1516 negoti.
746 1462 871 1504 Meus
906 1463 1068 1504 sodalis
1101 1462 1374 1504 Philocrates

184 1534 233 1575 In
263 1533 512 1576 libertatest
543 1534 599 1576 ad
629 1539 798 1588 patrem
829 1536 873 1576 in
905 1536 1060 1589 patria.
1121 1534 1293 1585 Benest‚

186 1605 277 1647 Neo
309 1607 538 1660 quisquam
570 1612 638 1648 est
668 1606 772 1648 mihi
804 1607 922 1657 alius.
957 1620 1093 1660 aeque
1125 1607 1277 1647 melius
1311 1606 1413 1660 quoi
1444 1605 1592 1656 uelim3

185 1677 269 1719 Sed
298 1678 381 1720 hoo
413 1677 517 1719 mihi
549 1684 734 1732 aegrest,
767 1692 832 1719 me
865 1678 963 1719 huic
998 1678 1168 1720 dedisse
1203 1691 1377 1732 operam
1409 1677 1580 1728 malam,
1612 1687 1679 1722 695

185 1748 268 1799 Qui
299 1763 413 1791 nuno
445 1754 625 1804 propter
655 1764 721 1792 me
754 1764 934 1805 meaque
968 1750 1103 1792 uerba
1134 1751 1307 1791 uinctus
1340 1754 1416 1791 est.

850 1823 1019 1876 Hegio

181 1893 346 1936 Uotuin
377 1899 419 1937 te
452 1894 690 1950 quidquam
721 1894 827 1936 mihi
857 1894 984 1937 hodie
1016 1894 1171 1936 falsum
1203 1893 1430 1948 proloqui?

789 1966 1070 2021 Tyndarus

182 2037 389 2080 Uotuisti.

846 2110 1018 2164 Hegio

456 2181 543 2223 Cur
575 2196 618 2223 es
651 2196 780 2224 ausus
812 2183 986 2224 mentiri
1017 2181 1154 2223 mihi?

787 2254 1068 2308 Tyndarus

181 2325 292 2375 Quia
322 2339 429 2367 uera
462 2326 661 2368 obessent
692 2326 768 2377 illi,
801 2327 902 2379 quoi
934 2340 1112 2380 operam
1145 2325 1320 2377 dabam3

180 2397 305 2438 Nunc
335 2397 449 2439 falsa
479 2402 677 2452 prosunt.

270 2543 336 2577 682
360 2544 524 2587 iungitur
549 2554 625 2578 cum
650 2544 879 2580 antecedenti.
958 2546 1025 2579 634
1048 2545 1186 2589 peritat
1211 2555 1286 2577 non
1353 2543 1510 2576 685—87
1535 2542 1673 2576 duobus

180 2599 352 2634 uersibus.
427 2600 493 2634 685
521 2600 782 2635 excruciauero
854 2603 920 2636 686
945 2602 1126 2636 interdico
1218 2600 1375 2634 688-90
1400 2599 1539 2634 duobus
1562 2599 1673 2633 uersi-

180 2655 253 2690 bus.
335 2657 402 2690 690
426 2656 563 2690 redibit
587 2662 623 2691 et
706 2657 837 2692 afforet
943 2660 1100 2693 691—94
1126 2658 1240 2693 tribus
1266 2655 1438 2690 uersibus.
1534 2657 1599 2690 692
1625 2655 1673 2689 sit

179 2711 249 2746 hoc
354 2714 420 2747 694
445 2713 538 2747 alius
565 2723 627 2748 om.
758 2715 914 2749 696-96
939 2716 1080 2750 duobus
1107 2714 1279 2750 uersibus.
1398 2713 1464 2746 698
1488 2711 1673 2747 Uotauisti

179 2769 357 2803 699-702
383 2770 497 2805 tribus
521 2764 693 2805 uersibus.
