<?xml version="1.0" encoding="UTF-8"?>
<!DOCTYPE html PUBLIC "-//W3C//DTD XHTML 1.0 Transitional//EN"
    "http://www.w3.org/TR/xhtml1/DTD/xhtml1-transitional.dtd">
<html xmlns="http://www.w3.org/1999/xhtml" xml:lang="en" lang="en">
 <head>
  <title>
</title>
<meta http-equiv="Content-Type" content="text/html;charset=utf-8" />
  <meta name='ocr-system' content='tesseract 3.04.00' />
  <meta name='ocr-capabilities' content='ocr_page ocr_carea ocr_par ocr_line ocrx_word'/>
</head>
<body>
  <div class='ocr_page' id='page_1' title='image "./comoediaerecensu02plauuoft_0135.png"; bbox 0 0 1854 3188; ppageno 0'>
   <div class='ocr_carea' id='block_1_1' title="bbox 153 192 1646 237">
    <p class='ocr_par' dir='ltr' id='par_1_1' title="bbox 153 192 1646 237">
     <span class='ocr_line' id='line_1_1' title="bbox 153 192 1646 237; baseline -0.001 -9"><span class='ocrx_word' id='word_1_1' title='bbox 153 193 218 237; x_wconf 90' lang='lat' dir='ltr'>IV,</span> <span class='ocrx_word' id='word_1_2' title='bbox 231 194 262 233; x_wconf 79' lang='lat'>7,</span> <span class='ocrx_word' id='word_1_3' title='bbox 277 193 398 236; x_wconf 84' lang='grc'>39-8,</span> <span class='ocrx_word' id='word_1_4' title='bbox 413 193 434 227; x_wconf 88' lang='grc'><strong>6</strong></span> <span class='ocrx_word' id='word_1_5' title='bbox 799 192 1013 228; x_wconf 76' lang='lat' dir='ltr'>Bacchides.</span> <span class='ocrx_word' id='word_1_6' title='bbox 1568 198 1646 237; x_wconf 85' lang='lat'>115</span> 
     </span>
    </p>
   </div>
   <div class='ocr_carea' id='block_1_2' title="bbox 155 317 1272 515">
    <p class='ocr_par' dir='ltr' id='par_1_2' title="bbox 155 317 1272 515">
     <span class='ocr_line' id='line_1_2' title="bbox 754 317 1052 371; baseline 0.003 -12"><span class='ocrx_word' id='word_1_7' title='bbox 754 317 784 360; x_wconf 89' lang='lat' dir='ltr'>C</span> <span class='ocrx_word' id='word_1_8' title='bbox 798 317 825 359; x_wconf 95' lang='lat' dir='ltr'>h</span> <span class='ocrx_word' id='word_1_9' title='bbox 834 332 855 359; x_wconf 87' lang='lat' dir='ltr'>r</span> <span class='ocrx_word' id='word_1_10' title='bbox 866 333 890 371; x_wconf 83' lang='lat' dir='ltr'><strong>y</strong></span> <span class='ocrx_word' id='word_1_11' title='bbox 902 332 920 359; x_wconf 94' lang='lat' dir='ltr'>s</span> <span class='ocrx_word' id='word_1_12' title='bbox 932 318 1020 360; x_wconf 82' lang='lat' dir='ltr'>alu</span> <span class='ocrx_word' id='word_1_13' title='bbox 1033 332 1052 360; x_wconf 86' lang='lat' dir='ltr'>s</span> 
     </span>
     <span class='ocr_line' id='line_1_3' title="bbox 889 389 1272 442; baseline 0.005 -12"><span class='ocrx_word' id='word_1_14' title='bbox 889 389 968 431; x_wconf 83' lang='lat' dir='ltr'>Die</span> <span class='ocrx_word' id='word_1_15' title='bbox 999 389 1123 432; x_wconf 82' lang='lat' dir='ltr'>sodes</span> <span class='ocrx_word' id='word_1_16' title='bbox 1153 390 1272 442; x_wconf 71' lang='lat' dir='ltr'>mihi,</span> 
     </span>
     <span class='ocr_line' id='line_1_4' title="bbox 155 460 897 515; baseline -0.003 -10"><span class='ocrx_word' id='word_1_17' title='bbox 155 461 309 505; x_wconf 83' lang='lat' dir='ltr'>Bellan</span> <span class='ocrx_word' id='word_1_18' title='bbox 338 461 513 504; x_wconf 79' lang='lat' dir='ltr'>uidetur</span> <span class='ocrx_word' id='word_1_19' title='bbox 542 461 683 515; x_wconf 81' lang='lat' dir='ltr'>speeie</span> <span class='ocrx_word' id='word_1_20' title='bbox 715 460 897 503; x_wconf 78' lang='lat' dir='ltr'>mulier?</span> 
     </span>
    </p>
   </div>
   <div class='ocr_carea' id='block_1_3' title="bbox 753 547 1222 663">
    <p class='ocr_par' dir='ltr' id='par_1_3' title="bbox 753 547 1222 663">
     <span class='ocr_line' id='line_1_5' title="bbox 753 547 1052 591; baseline 0.01 -3"><span class='ocrx_word' id='word_1_21' title='bbox 753 547 849 589; x_wconf 87' lang='lat' dir='ltr'>Nic</span> <span class='ocrx_word' id='word_1_22' title='bbox 862 562 884 590; x_wconf 93' lang='lat'>0</span> <span class='ocrx_word' id='word_1_23' title='bbox 895 548 921 591; x_wconf 93' lang='lat' dir='ltr'>b</span> <span class='ocrx_word' id='word_1_24' title='bbox 933 563 961 590; x_wconf 93' lang='lat' dir='ltr'>u</span> <span class='ocrx_word' id='word_1_25' title='bbox 972 549 986 591; x_wconf 95' lang='lat' dir='ltr'>l</span> <span class='ocrx_word' id='word_1_26' title='bbox 996 563 1023 590; x_wconf 85' lang='lat' dir='ltr'>u</span> <span class='ocrx_word' id='word_1_27' title='bbox 1033 563 1052 591; x_wconf 88' lang='lat' dir='ltr'>s</span> 
     </span>
     <span class='ocr_line' id='line_1_6' title="bbox 967 620 1222 663; baseline 0.004 -2"><span class='ocrx_word' id='word_1_28' title='bbox 967 620 1222 663; x_wconf 84' lang='lat' dir='ltr'>Admodum.</span> 
     </span>
    </p>
   </div>
   <div class='ocr_carea' id='block_1_4' title="bbox 156 702 1137 828">
    <p class='ocr_par' dir='ltr' id='par_1_4' title="bbox 156 702 1137 828">
     <span class='ocr_line' id='line_1_7' title="bbox 760 702 1053 757; baseline 0.003 -13"><span class='ocrx_word' id='word_1_29' title='bbox 760 702 1053 757; x_wconf 68' lang='lat' dir='ltr'>Chrysalus</span> 
     </span>
     <span class='ocr_line' id='line_1_8' title="bbox 156 775 1137 828; baseline -0.001 -10"><span class='ocrx_word' id='word_1_30' title='bbox 156 775 294 828; x_wconf 76' lang='lat' dir='ltr'>Quid?</span> <span class='ocrx_word' id='word_1_31' title='bbox 324 775 442 817; x_wconf 75' lang='lat' dir='ltr'>illam</span> <span class='ocrx_word' id='word_1_32' title='bbox 473 775 797 817; x_wconf 65' lang='lat' dir='ltr'>meretricemne</span> <span class='ocrx_word' id='word_1_33' title='bbox 831 789 924 816; x_wconf 87' lang='lat' dir='ltr'>esse</span> <span class='ocrx_word' id='word_1_34' title='bbox 958 777 1137 818; x_wconf 76' lang='lat' dir='ltr'>censes?</span> 
     </span>
    </p>
   </div>
   <div class='ocr_carea' id='block_1_5' title="bbox 154 861 1438 1276">
    <p class='ocr_par' dir='ltr' id='par_1_5' title="bbox 154 861 1438 1276">
     <span class='ocr_line' id='line_1_9' title="bbox 748 861 1057 904; baseline 0.003 -1"><span class='ocrx_word' id='word_1_35' title='bbox 748 861 786 903; x_wconf 89' lang='lat' dir='ltr'>N</span> <span class='ocrx_word' id='word_1_36' title='bbox 800 862 812 903; x_wconf 95' lang='lat' dir='ltr'>i</span> <span class='ocrx_word' id='word_1_37' title='bbox 826 876 847 904; x_wconf 84' lang='lat' dir='ltr'>c</span> <span class='ocrx_word' id='word_1_38' title='bbox 860 877 883 904; x_wconf 86' lang='grc' dir='ltr'>ο</span> <span class='ocrx_word' id='word_1_39' title='bbox 894 862 920 904; x_wconf 83' lang='lat' dir='ltr'><strong>b</strong></span> <span class='ocrx_word' id='word_1_40' title='bbox 934 877 961 903; x_wconf 93' lang='lat' dir='ltr'>u</span> <span class='ocrx_word' id='word_1_41' title='bbox 974 862 1025 904; x_wconf 92' lang='lat' dir='ltr'>lu</span> <span class='ocrx_word' id='word_1_42' title='bbox 1039 877 1057 904; x_wconf 85' lang='lat' dir='ltr'>s</span> 
     </span>
     <span class='ocr_line' id='line_1_10' title="bbox 1203 933 1438 989; baseline 0.004 -14"><span class='ocrx_word' id='word_1_43' title='bbox 1203 933 1438 989; x_wconf 75' lang='lat' dir='ltr'>Quippini?</span> 
     </span>
     <span class='ocr_line' id='line_1_11' title="bbox 757 1005 1052 1061; baseline 0.003 -14"><span class='ocrx_word' id='word_1_44' title='bbox 757 1005 1052 1061; x_wconf 66' lang='lat' dir='ltr'>Chrysalus</span> 
     </span>
     <span class='ocr_line' id='line_1_12' title="bbox 154 1080 426 1122; baseline -0.007 0"><span class='ocrx_word' id='word_1_45' title='bbox 154 1080 335 1122; x_wconf 76' lang='lat' dir='ltr'>Frustra</span> <span class='ocrx_word' id='word_1_46' title='bbox 366 1092 426 1121; x_wconf 81' lang='lat' dir='ltr'>es.</span> 
     </span>
     <span class='ocr_line' id='line_1_13' title="bbox 749 1149 1057 1191; baseline -0.003 0"><span class='ocrx_word' id='word_1_47' title='bbox 749 1149 787 1190; x_wconf 80' lang='lat' dir='ltr'>N</span> <span class='ocrx_word' id='word_1_48' title='bbox 799 1150 812 1190; x_wconf 84' lang='lat' dir='ltr'>i</span> <span class='ocrx_word' id='word_1_49' title='bbox 826 1163 847 1191; x_wconf 85' lang='lat' dir='ltr'>c</span> <span class='ocrx_word' id='word_1_50' title='bbox 861 1163 882 1191; x_wconf 89' lang='grc' dir='ltr'>ο</span> <span class='ocrx_word' id='word_1_51' title='bbox 895 1149 921 1191; x_wconf 88' lang='lat' dir='ltr'>b</span> <span class='ocrx_word' id='word_1_52' title='bbox 934 1164 961 1190; x_wconf 94' lang='lat' dir='ltr'>u</span> <span class='ocrx_word' id='word_1_53' title='bbox 974 1149 1027 1190; x_wconf 95' lang='lat' dir='ltr'>lu</span> <span class='ocrx_word' id='word_1_54' title='bbox 1039 1163 1057 1190; x_wconf 86' lang='lat' dir='ltr'>s</span> 
     </span>
     <span class='ocr_line' id='line_1_14' title="bbox 476 1220 1110 1276; baseline -0.002 -13"><span class='ocrx_word' id='word_1_55' title='bbox 476 1220 580 1272; x_wconf 67' lang='lat' dir='ltr'>Quis</span> <span class='ocrx_word' id='word_1_56' title='bbox 612 1222 755 1276; x_wconf 76' lang='lat' dir='ltr'>igitur,</span> <span class='ocrx_word' id='word_1_57' title='bbox 790 1221 981 1265; x_wconf 59' lang='lat' dir='ltr'>obsecra</span> <span class='ocrx_word' id='word_1_58' title='bbox 1016 1220 1110 1262; x_wconf 71' lang='lat' dir='ltr'>est?</span> 
     </span>
    </p>
   </div>
   <div class='ocr_carea' id='block_1_6' title="bbox 153 1307 1652 1508">
    <p class='ocr_par' dir='ltr' id='par_1_6' title="bbox 153 1307 1652 1508">
     <span class='ocr_line' id='line_1_15' title="bbox 731 1307 1054 1362; baseline 0 -12"><span class='ocrx_word' id='word_1_59' title='bbox 731 1329 734 1333; x_wconf 63' lang='grc'>’</span> <span class='ocrx_word' id='word_1_60' title='bbox 757 1307 1054 1362; x_wconf 70' lang='lat' dir='ltr'>Chrysalus</span> 
     </span>
     <span class='ocr_line' id='line_1_16' title="bbox 1066 1380 1652 1431; baseline 0.009 -10"><span class='ocrx_word' id='word_1_61' title='bbox 1066 1380 1290 1423; x_wconf 73' lang='lat' dir='ltr'>Inueneris</span> <span class='ocrx_word' id='word_1_62' title='bbox 1304 1396 1311 1431; x_wconf 79' lang='lat'><em>3</em></span> <span class='ocrx_word' id='word_1_63' title='bbox 1584 1390 1652 1426; x_wconf 79' lang='lat'>835</span> 
     </span>
     <span class='ocr_line' id='line_1_17' title="bbox 153 1452 1255 1508; baseline -0.004 -12"><span class='ocrx_word' id='word_1_64' title='bbox 153 1455 219 1496; x_wconf 80' lang='lat' dir='ltr'>Ex</span> <span class='ocrx_word' id='word_1_65' title='bbox 249 1468 316 1496; x_wconf 90' lang='lat' dir='ltr'>me</span> <span class='ocrx_word' id='word_1_66' title='bbox 349 1453 524 1508; x_wconf 80' lang='lat' dir='ltr'>quidem</span> <span class='ocrx_word' id='word_1_67' title='bbox 554 1453 682 1495; x_wconf 85' lang='lat' dir='ltr'>hodie</span> <span class='ocrx_word' id='word_1_68' title='bbox 712 1466 948 1506; x_wconf 83' lang='lat' dir='ltr'>numquam</span> <span class='ocrx_word' id='word_1_69' title='bbox 978 1452 1054 1494; x_wconf 87' lang='lat' dir='ltr'>fies</span> <span class='ocrx_word' id='word_1_70' title='bbox 1087 1452 1255 1494; x_wconf 76' lang='lat' dir='ltr'>certior.</span> 
     </span>
    </p>
   </div>
   <div class='ocr_carea' id='block_1_7' title="bbox 299 1712 1509 1828">
    <p class='ocr_par' dir='ltr' id='par_1_7' title="bbox 299 1712 1509 1828">
     <span class='ocr_line' id='line_1_18' title="bbox 299 1712 1509 1756; baseline -0.002 0"><span class='ocrx_word' id='word_1_71' title='bbox 299 1713 681 1756; x_wconf 69' lang='lat' dir='ltr'>CLEOMACHUS</span> <span class='ocrx_word' id='word_1_72' title='bbox 712 1713 896 1755; x_wconf 80' lang='lat' dir='ltr'>MILES.</span> <span class='ocrx_word' id='word_1_73' title='bbox 957 1712 1277 1756; x_wconf 63' lang='lat' dir='ltr'>NICOBULL&#39;S</span> <span class='ocrx_word' id='word_1_74' title='bbox 1312 1712 1509 1755; x_wconf 74' lang='lat' dir='ltr'>SENEX.</span> 
     </span>
     <span class='ocr_line' id='line_1_19' title="bbox 609 1784 1201 1828; baseline 0 -1"><span class='ocrx_word' id='word_1_75' title='bbox 609 1785 938 1828; x_wconf 67' lang='lat' dir='ltr'><strong>CHRYSALUS</strong></span> <span class='ocrx_word' id='word_1_76' title='bbox 972 1784 1201 1827; x_wconf 76' lang='lat' dir='ltr'><strong>SERUOS.</strong></span> 
     </span>
    </p>
   </div>
   <div class='ocr_carea' id='block_1_8' title="bbox 155 1887 1652 2671">
    <p class='ocr_par' dir='ltr' id='par_1_8' title="bbox 155 1887 1652 2671">
     <span class='ocr_line' id='line_1_20' title="bbox 730 1887 1084 1929; baseline -0.003 0"><span class='ocrx_word' id='word_1_77' title='bbox 730 1887 1084 1929; x_wconf 80' lang='lat' dir='ltr'>Cleomachus</span> 
     </span>
     <span class='ocr_line' id='line_1_21' title="bbox 155 1959 1156 2002; baseline -0.002 0"><span class='ocrx_word' id='word_1_78' title='bbox 155 1960 353 2002; x_wconf 84' lang='lat' dir='ltr'>Meamne</span> <span class='ocrx_word' id='word_1_79' title='bbox 384 1960 454 2001; x_wconf 80' lang='lat' dir='ltr'>hie</span> <span class='ocrx_word' id='word_1_80' title='bbox 486 1959 778 2002; x_wconf 75' lang='lat' dir='ltr'>Mnesilochus</span> <span class='ocrx_word' id='word_1_81' title='bbox 809 1959 1012 2001; x_wconf 77' lang='lat' dir='ltr'>Nicobuli</span> <span class='ocrx_word' id='word_1_82' title='bbox 1043 1959 1156 2001; x_wconf 83' lang='lat' dir='ltr'>filius</span> 
     </span>
     <span class='ocr_line' id='line_1_22' title="bbox 155 2031 1492 2081; baseline -0.001 -7"><span class='ocrx_word' id='word_1_83' title='bbox 155 2032 354 2074; x_wconf 85' lang='lat' dir='ltr'>Peruim</span> <span class='ocrx_word' id='word_1_84' title='bbox 386 2036 433 2074; x_wconf 87' lang='lat' dir='ltr'>ut</span> <span class='ocrx_word' id='word_1_85' title='bbox 465 2033 653 2074; x_wconf 80' lang='lat' dir='ltr'>retineat</span> <span class='ocrx_word' id='word_1_86' title='bbox 686 2032 936 2074; x_wconf 67' lang='lat' dir='ltr'>mulierem?</span> <span class='ocrx_word' id='word_1_87' title='bbox 1001 2031 1119 2081; x_wconf 76' lang='lat' dir='ltr'>Quae</span> <span class='ocrx_word' id='word_1_88' title='bbox 1151 2031 1257 2073; x_wconf 77' lang='lat' dir='ltr'>haec</span> <span class='ocrx_word' id='word_1_89' title='bbox 1288 2031 1492 2073; x_wconf 69' lang='lat' dir='ltr'>faetiost&#39;?</span> 
     </span>
     <span class='ocr_line' id='line_1_23' title="bbox 760 2103 1056 2145; baseline 0 0"><span class='ocrx_word' id='word_1_90' title='bbox 760 2103 924 2145; x_wconf 84' lang='lat' dir='ltr'>Nioob</span> <span class='ocrx_word' id='word_1_91' title='bbox 937 2103 1056 2145; x_wconf 84' lang='lat' dir='ltr'>ulus</span> 
     </span>
     <span class='ocr_line' id='line_1_24' title="bbox 158 2175 446 2227; baseline -0.003 -8"><span class='ocrx_word' id='word_1_92' title='bbox 158 2176 263 2227; x_wconf 85' lang='lat' dir='ltr'>Quis</span> <span class='ocrx_word' id='word_1_93' title='bbox 294 2175 446 2218; x_wconf 76' lang='lat' dir='ltr'>illest?</span> 
     </span>
     <span class='ocr_line' id='line_1_25' title="bbox 757 2247 1051 2302; baseline -0.003 -13"><span class='ocrx_word' id='word_1_94' title='bbox 757 2247 1051 2302; x_wconf 65' lang='lat' dir='ltr'>Chrysalus</span> 
     </span>
     <span class='ocr_line' id='line_1_26' title="bbox 442 2318 1283 2373; baseline 0 -13"><span class='ocrx_word' id='word_1_95' title='bbox 442 2318 524 2361; x_wconf 89' lang='lat' dir='ltr'>Per</span> <span class='ocrx_word' id='word_1_96' title='bbox 553 2324 726 2373; x_wconf 84' lang='lat' dir='ltr'>tempus</span> <span class='ocrx_word' id='word_1_97' title='bbox 758 2319 829 2360; x_wconf 80' lang='lat' dir='ltr'>hio</span> <span class='ocrx_word' id='word_1_98' title='bbox 859 2320 980 2361; x_wconf 79' lang='lat' dir='ltr'>uenit</span> <span class='ocrx_word' id='word_1_99' title='bbox 1010 2319 1134 2361; x_wconf 86' lang='lat' dir='ltr'>miles</span> <span class='ocrx_word' id='word_1_100' title='bbox 1166 2319 1283 2360; x_wconf 80' lang='lat' dir='ltr'>mihi.</span> 
     </span>
     <span class='ocr_line' id='line_1_27' title="bbox 725 2401 1084 2444; baseline 0 -1"><span class='ocrx_word' id='word_1_101' title='bbox 725 2401 1084 2444; x_wconf 74' lang='lat' dir='ltr'>Cleomachus</span> 
     </span>
     <span class='ocr_line' id='line_1_28' title="bbox 156 2473 1652 2516; baseline -0.001 0"><span class='ocrx_word' id='word_1_102' title='bbox 156 2474 254 2516; x_wconf 92' lang='lat' dir='ltr'>Non</span> <span class='ocrx_word' id='word_1_103' title='bbox 283 2487 351 2515; x_wconf 89' lang='lat' dir='ltr'>me</span> <span class='ocrx_word' id='word_1_104' title='bbox 382 2473 622 2515; x_wconf 75' lang='lat' dir='ltr'>arbitratur</span> <span class='ocrx_word' id='word_1_105' title='bbox 652 2474 834 2515; x_wconf 83' lang='lat' dir='ltr'>militem</span> <span class='ocrx_word' id='word_1_106' title='bbox 867 2474 943 2516; x_wconf 79' lang='lat' dir='ltr'>sed</span> <span class='ocrx_word' id='word_1_107' title='bbox 975 2473 1213 2515; x_wconf 85' lang='lat' dir='ltr'>mulierem.</span> <span class='ocrx_word' id='word_1_108' title='bbox 1585 2482 1652 2515; x_wconf 77' lang='lat'>840</span> 
     </span>
     <span class='ocr_line' id='line_1_29' title="bbox 159 2544 1156 2598; baseline -0.001 -10"><span class='ocrx_word' id='word_1_109' title='bbox 159 2546 242 2597; x_wconf 83' lang='lat' dir='ltr'>Qui</span> <span class='ocrx_word' id='word_1_110' title='bbox 271 2559 338 2587; x_wconf 89' lang='lat' dir='ltr'>me</span> <span class='ocrx_word' id='word_1_111' title='bbox 370 2559 573 2598; x_wconf 87' lang='lat' dir='ltr'>meosque</span> <span class='ocrx_word' id='word_1_112' title='bbox 603 2559 689 2587; x_wconf 89' lang='lat' dir='ltr'>non</span> <span class='ocrx_word' id='word_1_113' title='bbox 720 2559 877 2598; x_wconf 75' lang='lat' dir='ltr'>queam</span> <span class='ocrx_word' id='word_1_114' title='bbox 909 2544 1156 2587; x_wconf 78' lang='lat' dir='ltr'>defendere.</span> 
     </span>
     <span class='ocr_line' id='line_1_30' title="bbox 157 2615 1570 2671; baseline -0.002 -12"><span class='ocrx_word' id='word_1_115' title='bbox 157 2618 269 2660; x_wconf 79' lang='lat' dir='ltr'>Nam</span> <span class='ocrx_word' id='word_1_116' title='bbox 299 2632 438 2671; x_wconf 84' lang='lat' dir='ltr'>neque</span> <span class='ocrx_word' id='word_1_117' title='bbox 468 2616 649 2658; x_wconf 75' lang='lat' dir='ltr'>Bellona</span> <span class='ocrx_word' id='word_1_118' title='bbox 679 2616 784 2658; x_wconf 88' lang='lat' dir='ltr'>mihi</span> <span class='ocrx_word' id='word_1_119' title='bbox 816 2631 1023 2670; x_wconf 74' lang='lat' dir='ltr'>umquam</span> <span class='ocrx_word' id='word_1_120' title='bbox 1053 2630 1193 2671; x_wconf 87' lang='lat' dir='ltr'>neque</span> <span class='ocrx_word' id='word_1_121' title='bbox 1225 2616 1343 2657; x_wconf 71' lang='lat' dir='ltr'>Mars</span> <span class='ocrx_word' id='word_1_122' title='bbox 1377 2615 1570 2665; x_wconf 75' lang='lat' dir='ltr'>creduat,</span> 
     </span>
    </p>
   </div>
   <div class='ocr_carea' id='block_1_9' title="bbox 249 2769 1379 2867">
    <p class='ocr_par' dir='ltr' id='par_1_9' title="bbox 249 2769 1379 2867">
     <span class='ocr_line' id='line_1_31' title="bbox 249 2769 1267 2815; baseline -0.004 -10"><span class='ocrx_word' id='word_1_123' title='bbox 249 2772 318 2805; x_wconf 76' lang='lat'>834</span> <span class='ocrx_word' id='word_1_124' title='bbox 340 2770 581 2806; x_wconf 72' lang='lat' dir='ltr'>metrieemne</span> <span class='ocrx_word' id='word_1_125' title='bbox 606 2771 642 2806; x_wconf 89' lang='lat' dir='ltr'><em>B</em></span> <span class='ocrx_word' id='word_1_126' title='bbox 733 2769 914 2815; x_wconf 79' lang='lat' dir='ltr'>Quippeni</span> <span class='ocrx_word' id='word_1_127' title='bbox 1008 2771 1075 2805; x_wconf 71' lang='lat'>335</span> <span class='ocrx_word' id='word_1_128' title='bbox 1098 2769 1267 2803; x_wconf 77' lang='lat' dir='ltr'>Frustres</span> 
     </span>
     <span class='ocr_line' id='line_1_32' title="bbox 1339 2836 1379 2867; baseline 0 0"><span class='ocrx_word' id='word_1_129' title='bbox 1339 2836 1379 2867; x_wconf 44' lang='grc' dir='ltr'>ἢ*</span> 
     </span>
    </p>
   </div>
  </div>
 </body>
</html>
