1854 3188
208 202 284 240 176
888 198 1007 232 Plauti
1431 201 1495 244 111,
1509 203 1540 244 4,
1557 203 1689 237 25-38

810 323 842 363 T
870 324 1090 365 *ndarus

201 395 341 437 Uiden
372 400 420 437 tu
451 394 577 446 hunc,
611 408 739 449 quam
769 338 939 437 ininiico
972 395 1095 437 uoltu
1127 396 1338 437 intuitur?
1399 396 1584 439 Concedi
1616 412 1688 451 op-

1145 471 1369 518 tumumst,

201 539 357 592 Hegio3
390 537 452 590 fit,
484 538 597 591 quod
629 538 707 580 tibi
741 538 847 589 dixi3
879 539 1021 591 gliscit
1052 538 1214 590 rabies3
1247 553 1351 580 caue
1382 539 1474 581 tibi.

861 632 932 674 He
982 634 1028 674 io

200 704 376 747 Credidi
403 718 495 747 esse
520 705 718 746 insanum
743 647 969 758 extemplog,
1003 705 1078 746 ubi
1101 709 1143 746 te
1168 704 1407 758 appellauit
1429 705 1687 759 Tyndarum.

806 798 1089 852 Tyndarus

202 871 314 922 Quin
353 885 477 912 suum
515 871 607 924 ipse
648 870 864 911 interdum
902 871 1072 923 ignorat
1119 884 1272 912 nomen
1310 884 1447 924 neque
1479 872 1572 921 scit,
1616 873 1688 925 qui

1149 943 1242 983 siet.
1627 955 1689 987 555

855 1028 1024 1082 Hegio

198 1101 254 1142 At
286 1101 414 1142 etiam
448 1105 489 1142 te
522 1114 647 1141 suum
679 1100 870 1142 sodalem
903 1115 995 1142 esse
1027 1100 1159 1142 aibat.

806 1195 1082 1249 Tyndarus

1218 1266 1343 1308 Haud
1375 1266 1464 1308 uidi
1497 1269 1645 1321 magis.

198 1337 253 1379 Et
285 1337 460 1391 quidem
491 1339 689 1380 Alcmeus
721 1343 850 1391 atque
883 1337 1056 1380 Orestes
1089 1342 1131 1379 et
1162 1338 1380 1392 Lycurgus
1412 1344 1559 1393 postea

200 1410 295 1452 Una
328 1424 460 1464 opera
491 1410 597 1452 mihi
631 1415 732 1452 sunt
764 1399 944 1461 sodales,
977 1423 1059 1462 qua
1090 1410 1185 1451 iste.

730 1504 1158 1558 Aristophontes

1240 1576 1297 1617 At
1329 1577 1469 1625 etiam„
1503 1577 1693 1627 furcifer,

204 1648 318 1690 Male
350 1649 473 1702 loqui
504 1648 607 1689 mihi
641 1648 804 1690 audes?
864 1648 958 1690 Non
992 1662 1069 1701 ego
1100 1652 1143 1690 te
1174 1649 1304 1690 noui?

868 1743 1032 1796 Hegio

1072 1814 1150 1856 Pol
1183 1814 1359 1867 planum
1390 1814 1433 1855 id
1467 1814 1694 1867 quidemst,

201 1885 298 1928 Non
315 1887 502 1937 nouisse,
529 1887 599 1939 qui
626 1887 757 1928 istum
781 1886 970 1940 appelles
988 1885 1230 1939 Tyndarum
1250 1900 1326 1939 pro
1343 1885 1600 1927 Philocrate.
1631 1897 1695 1930 560

204 1959 340 2008 Quem
371 1959 507 2009 uides,
539 1972 637 2000 eum
668 1959 861 2012 ignoras3
894 1957 1014 1999 illum
1046 1958 1254 2009 nominas,
1287 1972 1413 2011 quem
1443 1971 1526 1998 non
1561 1958 1693 1999 uides.

737 2052 1162 2106 Aristophontes

204 2124 339 2166 Immo
364 2125 444 2166 iste
470 2138 565 2165 eum
592 2138 684 2166 sese
711 2125 784 2176 ait,
802 2124 875 2177 qui
898 2137 983 2165 non
1007 2128 1083 2175 est,
1102 2137 1193 2165 esse
1210 2128 1264 2175 et,
1282 2124 1356 2178 qui
1372 2129 1531 2174 uerost,
1550 2128 1692 2176 negat.

811 2230 1088 2284 Tyndarus

202 2303 267 2344 Tu
301 2302 414 2344 enim
448 2303 693 2355 repertus&
726 2302 1017 2344 Philocratem
1049 2302 1123 2355 qui
1154 2316 1328 2356 superes
1358 2301 1614 2343 ueriuerbio.

743 2408 1165 2461 Aristophontes

205 2481 295 2531 Pol⁷
328 2493 405 2532 ego
441 2485 489 2521 ut
520 2493 611 2520 rem
642 2480 783 2530 uideo,
817 2484 863 2520 tu
894 2479 1146 2530 inuentus’s,
1179 2493 1283 2521 uera
1314 2478 1566 2520 uanitudine

205 2552 288 2602 Qui
306 2554 554 2594 conuincas.
589 2551 682 2601 Sed,
703 2565 867 2604 quaeso
885 2551 1041 2602 hercle,
1060 2551 1242 2604 agedum
1259 2550 1435 2604 adspice
1453 2550 1509 2591 ad
1525 2563 1603 2591 me.

294 2722 361 2755 552
386 2721 551 2755 intuetur
630 2721 694 2754 553
720 2719 787 2753 tibi
814 2730 882 2763 ego
909 2719 983 2753 dixi
1054 2721 1119 2753 555
1146 2718 1238 2761 Quia
1307 2719 1372 2752 557
1397 2718 1560 2762 ligurgus
1631 2719 1696 2752 559

203 2776 295 2811 mihi
319 2778 420 2821 loqui
449 2777 538 2810 mihi
610 2777 675 2812 563
700 2780 868 2820 repertus
940 2777 1005 2810 564
1030 2776 1199 2809 inuentus
