1854 3188
203 203 221 240 1
231 202 280 240 56
883 196 1005 231 Plauti
1357 197 1385 242 1,
1398 198 1431 242 2,
1449 197 1493 233 86
1505 216 1549 222 -
1562 197 1611 241 11,
1627 200 1656 241 1,
1671 199 1692 231 6

861 322 1024 377 Hegio

200 393 437 436 Terrestris
469 397 630 435 cenast.

808 466 843 507 E
854 481 875 507 r
885 480 910 519 g
923 481 948 508 a
960 481 978 506 s
989 465 1026 507 il
1037 481 1065 508 u
1075 479 1093 507 s

694 537 775 580 Sus
808 539 1030 580 terrestris
1061 537 1256 580 bestiast.

869 625 907 666 H
919 639 940 666 e
951 639 976 679 g
988 626 1002 666 i
1015 639 1038 667 o

201 698 350 740 Multis
380 697 616 740 holeribus.

806 768 841 810 Ε
851 783 873 809 r
886 782 912 822 g
923 782 948 810 a
961 783 979 810 s
990 769 1004 809 i
1014 769 1029 810 l
1039 783 1067 810 u
1077 783 1096 810 s

679 838 848 882 Curato
874 845 1074 893 aegrotos
1108 840 1233 883 domi.
1632 851 1698 886 190

202 915 315 956 Num
348 913 453 969 quid
484 913 578 954 uis?

865 984 905 1025 H
915 998 937 1025 e
949 984 1032 1039 gio

651 1056 812 1098 Uenias
843 1057 1041 1111 temperi.

811 1143 846 1184 E
857 1159 878 1185 r
887 1157 913 1197 g
923 1158 949 1185 a
961 1158 979 1185 s
991 1143 1066 1185 ilu
1079 1158 1097 1185 s

1091 1215 1327 1258 Memorem
1357 1228 1519 1257 mones.

867 1287 907 1329 H
917 1302 939 1329 e
952 1289 1000 1342 gi
1013 1303 1036 1330 o

204 1363 280 1404 Ibo
313 1363 427 1403 intro
460 1365 591 1415 atque
622 1361 738 1402 intus
773 1359 1013 1402 subducam
1043 1360 1346 1411 ratiunculam,

205 1433 474 1484 Quantillum
504 1433 674 1486 argenti
705 1431 809 1473 mihi
841 1431 958 1485 apud
988 1432 1246 1486 trapezitam
1276 1432 1369 1473 siet.

206 1507 273 1548 Ad
304 1506 496 1557 fratrem,
529 1519 614 1559 quo
648 1505 710 1546 ire
744 1504 951 1554 dixeram⁷
984 1517 1082 1545 mox
1113 1504 1248 1546 iuero.

249 1838 545 1883 LORARIUS.
609 1838 835 1881 CAPTIUI
868 1836 1284 1891 (PHILOCRATES
1317 1836 1659 1890 TYNDARUS).

826 1964 1086 2006 Lorarius

208 2036 251 2079 Si
286 2037 327 2078 di
360 2035 612 2079 inmortales
637 2036 681 2077 id
706 2035 895 2087 uoluere,
928 2049 1008 2078 uos
1033 2035 1145 2077 hanc
1171 2049 1419 2077 aerumnam
1444 2035 1610 2089 exequi,
1639 2046 1704 2080 195

206 2109 343 2149 Decet
373 2108 418 2149 id
448 2109 541 2162 pati
573 2109 714 2150 animo
747 2122 907 2163 aequo3
941 2108 976 2149 si
1007 2107 1051 2148 id
1082 2107 1263 2160 facietis⁷
1293 2107 1431 2149 leuior
1454 2106 1579 2149 labos
1606 2107 1701 2149 erit.

206 2180 333 2222 Domi
366 2179 520 2232 fuistis,
555 2180 695 2231 credo,
727 2180 873 2231 liberi3

206 2253 329 2294 Nunc
361 2253 549 2294 seruitus
583 2254 620 2293 si
652 2252 808 2303 euenit,
841 2252 880 2293 ei
911 2265 988 2294 uos
1020 2251 1275 2305 morigerari
1305 2265 1397 2293 mos
1428 2250 1590 2293 bonust

206 2325 402 2378 Eamque
433 2324 459 2375 ’ἲ
491 2328 533 2366 et
565 2324 660 2365 erili
692 2324 859 2378 inperio
891 2324 1074 2377 ingeniis
1105 2324 1265 2365 uostris
1295 2323 1436 2365 lenem
1466 2322 1662 2364 reddere.

209 2396 392 2450 Indigna
425 2395 555 2450 digna
586 2396 788 2438 habenda
821 2400 933 2447 sunt⁷
967 2409 1065 2437 erus
1098 2409 1210 2450 quae
1242 2395 1360 2437 facit.

845 2482 1064 2538 Captiui

1346 2552 1413 2595 Oh
1446 2552 1503 2596 oh
1534 2552 1609 2594 oh!
1636 2562 1702 2597 200

304 2726 367 2759 193
394 2725 629 2769 trapetzitam
703 2725 768 2758 194
798 2724 874 2758 iero
951 2722 1155 2758 LORARH
1188 2720 1540 2757 PHILOCRATES.
1589 2720 1698 2755 CAP-

207 2780 306 2816 TIUI
333 2780 594 2817 TYNDARUS
