1897 3171
799 201 841 246 v,
866 203 1057 237 646—669.
1587 207 1666 245 421

184 332 263 369 952
297 334 336 368 et
365 330 454 368 Aul.
488 331 581 369 270.
644 329 699 368 Cf.
731 330 784 368 ib.
815 331 906 369 149.
966 331 1122 368 Mffller.
1154 330 1315 369 Nachtr.
1341 345 1379 381 p.
1409 332 1483 369 141
1520 331 1671 370 confert

182 399 339 437 Trucul.
374 399 475 437 233:
513 398 638 447 „Dum
668 398 822 446 habeat,
856 399 947 436 dum
980 401 1102 445 amet,
1132 399 1202 436 ubi
1233 399 1332 436 nihil
1361 399 1517 448 habeat,
1551 401 1669 438 alium

182 470 386 517 quaestum
419 465 614 517 coepiat“.
689 466 795 504 Brix.
827 468 868 504 in
897 467 1038 504 Annal.
1062 466 1199 516 philol.
1227 466 1340 514 CXV,
1371 481 1409 516 p.
1438 469 1514 506 329
1547 468 1668 506 Most.

184 536 283 573 173:
319 535 503 583 „Uirtute
534 535 683 573 formae
708 534 749 572 id
775 537 918 583 euenit,
948 538 986 572 te
1017 538 1063 572 ut
1087 534 1234 581 deceat,
1269 535 1460 584 quidquid
1483 533 1669 574 habeas“.

181 603 237 642 Cf.
278 605 396 641 etiam
434 603 576 653 Amph.
619 604 710 642 864.
753 603 845 642 898.
906 603 1045 641 Bacch.
1089 603 1181 640 655.
1221 604 1315 640 726.
1349 603 1442 641 764.
1488 623 1542 628 —
1590 605 1668 642 659

179 672 288 709 —63
335 685 471 709 versus
517 673 725 722 compositi
771 685 817 709 ex
862 671 1029 709 dimetro
1076 672 1220 708 cretico
1273 674 1313 708 et
1363 671 1671 720 penthemimere

180 739 401 787 trochaico,
447 754 483 778 v.
515 740 669 790 Proleg.
701 753 739 790 p.
778 741 869 778 192.
908 760 964 765 —
1006 740 1098 777 660.
1148 736 1323 788 dempsit
1354 770 1361 777 .
1391 770 1398 777 .
1426 770 1434 777 .
1466 737 1669 787 reddidit3

179 811 363 845 accurata
399 809 502 845 ratio
540 809 831 846 coniunctivum
869 808 1112 858 postularet,
1158 821 1195 845 v.
1228 808 1380 845 Becker
1416 809 1456 844 in
1498 807 1683 850 Studem„

179 875 290 913 Stud.
314 876 345 922 Ι,
377 889 415 925 p.
446 877 536 924 192,
571 877 638 914 sed
668 876 747 914 vid.
775 876 825 913 ad
850 876 991 925 Amph.
1021 877 1084 913 17.
1116 896 1171 901 —-
1205 877 1297 913 661.
1329 872 1549 914 Herculem
1573 873 1674 926 fecit

179 953 228 980 ex
248 943 392 992 patre,
433 945 457 981 i.
491 958 523 982 e.
557 944 748 982 decimam
787 947 940 993 partem
979 944 1015 981 ei
1054 944 1181 991 dedit,
1222 958 1311 981 nam
1352 944 1455 994 apud
1487 946 1671 995 antiquos

177 1011 375 1049 Romanos
406 1014 526 1050 moris
558 1015 653 1060 erat,
684 1016 740 1060 ut,
775 1014 807 1050 si
839 1014 900 1050 cui
932 1016 1103 1062 quaestus
1135 1013 1278 1062 aliquis
1311 1013 1521 1061 obtigerat,
1555 1012 1671 1050 decu-

176 1093 279 1117 mam
309 1080 469 1118 Herculi
500 1081 653 1119 Victori
694 1081 809 1118 daret
845 1081 928 1128 vel,
975 1085 1019 1119 ut
1056 1082 1307 1130 antiquorum
1347 1084 1503 1118 utamur
1539 1081 1669 1128 verbo,

175 1147 396 1197 polluceret
435 1152 503 1186 aut
543 1149 791 1199 profanaret,
839 1149 917 1187 vid.
951 1149 1071 1187 Stich.
1106 1151 1198 1187 237.
1235 1151 1326 1187 387.
1387 1149 1544 1186 Trucul.
1579 1150 1670 1186 559.

176 1215 352 1254 Macrob.
386 1216 466 1254 Sat.
498 1216 575 1263 III,
619 1218 660 1264 6,
696 1218 760 1255 11.
835 1217 912 1255 Res
950 1218 1067 1255 etiam
1109 1231 1155 1255 ex
1197 1218 1368 1267 antiquis
1407 1218 1534 1255 titulis
1565 1220 1670 1264 nota,

176 1286 222 1321 ut
259 1283 406 1321 Sorano
438 1284 750 1332 Vertuleiorum,
795 1285 910 1335 Corp.
942 1286 1063 1323 Inscr.
1095 1286 1135 1333 Ι,
1174 1287 1299 1323 1175;
1351 1285 1538 1334 „decuma
1568 1287 1672 1322 facta

175 1352 362 1402 poloucta
413 1352 595 1390 leibereis
648 1353 830 1391 lubentes
884 1353 988 1391 donu
1044 1354 1193 1391 danunt
1236 1354 1420 1392 Herculei
1474 1368 1671 1391 maxsume

174 1418 365 1467 mereto“,
413 1423 452 1457 et
483 1420 671 1469 Reatino,
714 1421 830 1471 Corp.
864 1422 984 1460 Inscr.
1013 1423 1042 1470 I,
1083 1424 1183 1461 542:
1237 1422 1317 1469 „De
1349 1422 1512 1460 decuma
1542 1424 1671 1460 victor

173 1487 272 1525 tibei
301 1488 446 1526 Lucius
477 1489 636 1526 Munius
676 1489 819 1527 donum
860 1488 974 1538 etc.“,
1022 1505 1137 1540 quem
1175 1491 1334 1528 titulum
1377 1491 1426 1528 ad
1467 1491 1511 1528 L.
1545 1491 1669 1528 Mum-

176 1556 296 1593 mium
326 1557 423 1593 mire
453 1557 640 1595 referunt.

292 1625 498 1662 664-66,
550 1624 761 1674 Chrysalus
805 1626 941 1664 herum
987 1627 1204 1677 alloquitur
1248 1626 1414 1664 iambico
1460 1630 1671 1676 systemate

180 1690 280 1740 (vel,
313 1693 345 1729 si
375 1692 450 1730 hoc
479 1694 622 1740 mavis,
667 1696 868 1732 octonario
901 1698 940 1732 et
970 1693 1162 1743 senario),
1206 1696 1314 1732 cuius
1346 1695 1450 1744 quod
1483 1695 1671 1744 permulti

176 1759 340 1810 spondei
371 1764 478 1806 sunt,
526 1761 690 1799 fortasse
733 1763 908 1800 consulto
948 1763 1193 1811 gravioribus
1232 1766 1407 1801 numeris
1443 1765 1579 1810 utitur,
1627 1767 1672 1800 ut

176 1828 319 1865 illudat
363 1829 518 1866 tristem
564 1829 648 1866 heri
695 1830 936 1880 adspectum.
1012 1832 1159 1869 Ritsch.
1200 1833 1278 1869 iam
1317 1832 1407 1869 hinc
1451 1832 1669 1869 trochaicos

177 1897 422 1947 septenarios
455 1910 569 1934 orsus
601 1898 655 1935 sic
687 1899 830 1936 edidit:

231 1965 335 2003 Num
362 1966 429 2014 qui
451 1964 525 2002 tibi
548 1968 695 2003 nummi
721 1967 962 2014 exciderunt,
994 1982 1069 2015 ere,
1104 1968 1208 2018 quod
1233 1970 1286 2005 sic
1309 1972 1455 2006 terram
1480 1972 1613 2006 tacens

234 2030 436 2083 Optuere‘?
468 2034 562 2082 quid
593 2048 666 2072 nos
696 2038 865 2072 maestos
896 2037 1102 2085 tristisque
1135 2050 1218 2073 esse
1251 2036 1485 2086 conspicor?

177 2101 419 2151 Spengelius,
451 2101 578 2138 Plaut.
609 2116 648 2152 p.
686 2102 762 2140 163
798 2104 910 2141 codd.
944 2105 1135 2154 sequitur.
1160 2125 1215 2130 —-
1244 2106 1322 2143 667
1354 2105 1581 2142 trochaicus
1614 2108 1672 2142 est

174 2182 322 2216 versus,
355 2170 388 2206 si
419 2169 531 2207 codd.
565 2172 777 2220 sequimur,
813 2175 963 2221 septem
995 2173 1277 2221 trochaeorum3
1310 2174 1341 2210 si
1374 2187 1459 2211 cum
1490 2173 1670 2210 Acidalio

176 2240 216 2275 et
246 2238 292 2276 R.
325 2239 643 2287 transponimus:
696 2240 967 2289 „respondetis
1006 2240 1143 2288 mihi“‚
1184 2244 1431 2291 septenarius
1470 2243 1668 2289 legitimus

174 2309 220 2343 ut
256 2307 297 2353 ii,
330 2307 398 2355 qui
435 2309 664 2354 sequuntur.
700 2327 748 2331 —
782 2318 856 2345 *nec
888 2340 895 2347 .
924 2340 930 2346 .
959 2339 967 2347 .
1001 2307 1141 2357 etiam,
1175 2311 1319 2347 similia
1372 2310 1547 2359 exempla
1592 2322 1668 2346 non

175 2376 405 2424 suppetunt,
438 2374 507 2410 sed
531 2374 671 2412 Latine
699 2375 776 2412 dici
807 2390 924 2426 posse
957 2391 1036 2415 non
1062 2378 1186 2415 audeo
1211 2390 1375 2426 negare,
1410 2377 1525 2414 Both.
1543 2377 1666 2415 R.F1.

183 2441 339 2490 „Etiam
373 2439 507 2491 quid“.

291 2510 369 2547 668
403 2523 471 2546 suo
501 2510 587 2547 loco
617 2511 792 2549 reddidit
817 2513 1076 2552 Camerarius.
1097 2534 1151 2540 —
1178 2514 1271 2552 669.
1309 2510 1388 2561 Qui
1413 2526 1484 2549 em.
1504 2512 1666 2559 Camer.,

176 2577 222 2616 cf.
262 2577 350 2616 Ter.
389 2577 489 2616 Eun.
532 2580 632 2616 780:
685 2580 808 2628 „Qui,-
842 2582 1007 2629 malum,
1048 2580 1168 2619 ει1ἰίἶ)ις
1217 2581 1323 2618 infra
1356 2582 1447 2617 693.
1517 2581 1666 2618 Ritsch.

179 2644 330 2693 „Quid“
367 2646 429 2684 ed.
466 2666 522 2672 —
560 2645 692 2685 monio
722 2646 862 2687 minus
892 2647 1041 2697 multo,
1089 2653 1113 2687 i.
1149 2663 1180 2686 e.
1213 2649 1333 2686 nimio
1371 2648 1495 2685 multo
1527 2649 1665 2696 minus,

176 2713 223 2750 cf.
259 2714 351 2752 148.
445 2714 652 2752 omittitur
706 2719 959 2767 comparandi
1005 2717 1200 2767 particula
1250 2715 1434 2765 „quam“,
1489 2717 1668 2765 quamvis

175 2781 342 2819 alterum
375 2785 680 2832 comparationis
717 2785 934 2822 membrum
973 2798 1049 2822 non
1091 2789 1239 2822 certum
1269 2797 1474 2821 numerum
1506 2784 1664 2831 indicet,
