1854 3188
236 213 288 251 28
920 210 1042 245 Plauti
1476 211 1522 254 Π,
1537 213 1568 254 e,
1583 212 1683 254 9—9,
1699 212 1720 245 5

234 335 401 376 Deinde
434 339 602 388 egomet
631 349 797 377 mecum
830 336 1021 389 cogitare
1051 336 1166 377 inter
1195 336 1289 377 uias

236 408 412 461 Occepi:
445 407 556 449 festo
589 407 656 448 die
688 408 723 448 si
756 407 858 461 quid
889 407 1152 461 prodegeris‚'

236 478 433 521 Profesto
467 493 589 532 egere
620 479 763 530 liceat,
794 480 876 520 nisi
907 479 1166 532 peperceris.

234 551 473 604 Postquam
503 551 615 592 hanc
646 552 861 592 rationem
891 551 1033 591 uentri
1065 551 1270 603 cordique
1303 550 1430 603 edidi,

233 623 438 664 Adcessit
469 623 638 664 animus
673 623 726 663 ad
758 636 852 663 eam
882 622 988 662 mihi
1019 623 1289 673 sententiam,
1656 634 1722 667 375

237 694 375 744 Quam
406 695 596 736 minumo
629 697 803 748 sumptu
833 693 965 734 filiam
999 697 1047 734 ut
1078 697 1260 747 nuptum
1292 694 1450 736 (larem.

235 766 359 808 Nunc
390 767 609 808 tusculum
641 767 723 807 emi
755 769 797 806 et
828 765 904 806 has
938 779 1119 806 coronas
1152 764 1330 818 floreas3

234 838 355 880 Haec
385 839 646 893 imponentur
676 839 719 878 in
750 837 846 878 foco
878 841 1029 879 nostro
1062 838 1173 887 Lari⁷

236 910 296 952 Ut
326 910 573 952 fortunatas
605 910 737 950 faciat
767 913 925 962 gnatae
956 909 1143 962 nuptias.
1175 933 1232 937 —

238 982 321 1023 Sed
353 982 457 1035 quid
489 995 566 1035 ego
599 986 774 1034 apertas
807 981 926 1021 aedis
958 985 1131 1022 nostras
1165 981 1421 1035 conspicor?
1657 994 1723 1027 380

235 1055 290 1095 Et
323 1054 551 1108 strepitust
582 1054 709 1094 intus.
764 1052 980 1094 Numnam
1012 1066 1089 1105 ego
1122 1053 1330 1106 compilor
1362 1053 1517 1094 miser?

867 1124 1096 1177 Congrio

238 1198 394 1238 Aulam
424 1197 642 1247 maiorem,
675 1197 710 1237 si
741 1200 856 1250 pote.
891 1210 911 1236 e
943 1196 1103 1237 uicinia

236 1270 362 1320 Pete3
396 1269 505 1310 haec
537 1273 603 1309 est
634 1282 793 1321 parua3
826 1281 978 1321 capere
1009 1282 1096 1309 non
1129 1269 1247 1322 quit·

891 1339 1079 1381 Euclio

293 1461 298 1467 Ι
1286 1411 1337 1453 Ei
1369 1411 1491 1453 mihi!

238 1486 352 1527 Perii
383 1484 548 1526 hercle!
582 1498 734 1525 aurum
764 1485 954 1538 rapit-um
988 1484 1089 1525 aula
1121 1484 1355 1537 quaeritur.

240 1557 470 1611 [Nimirum
516 1557 709 1606 occidor,
764 1556 848 1597 nisi
904 1569 981 1608 ego
1026 1556 1139 1597 intro
1185 1556 1270 1597 huc
1315 1570 1495 1610 propere
1542 1570 1727 1610 propero

1190 1627 1393 1681 currere]
1662 1640 1728 1673 385

239 1701 407 1754 Apollo,
442 1714 615 1753 quaesQ
651 1700 832 1741 subueni
864 1699 969 1740 mihi
1001 1704 1131 1753 atque
1164 1700 1336 1752 acliuua,

240 1773 413 1825 Confige
446 1773 615 1826 sagittis
646 1771 763 1813 fures
794 1771 1138 1822 thensaurarios,

240 1846 287 1887 Se?
318 1845 420 1898 quoi
452 1845 495 1885 in
526 1858 570 1885 re
603 1845 682 1885 tali
715 1844 956 1885 subuenisti
985 1843 1204 1884 antidhac.

240 1917 323 1959 Sed
355 1931 474 1958 cesso
506 1917 637 1970 prius,
671 1930 797 1968 quam
831 1929 1010 1970 prorsus
1043 1915 1165 1969 perii,
1199 1928 1384 1956 currere.

839 2176 1125 2218 ANTHRAX.

239 2282 413 2330 Dromo,
447 2279 684 2332 desquama
715 2280 859 2333 piscis.
920 2280 996 2331 Tu,
1030 2278 1290 2330 Machaerm,
1664 2289 1729 2322 390

241 2352 470 2406 Congrum,
502 2365 752 2392 muraenam
785 2351 1010 2402 exdorsua,
1045 2355 1255 2405 quantum
1285 2353 1438 2403 potest.

239 2425 331 2478 Ego
363 2424 463 2464 hinc
495 2427 713 2475 artoptam
747 2437 798 2463 ex
829 2437 1039 2476 proxumo
1071 2422 1276 2463 utendam
1307 2426 1408 2476 peto

242 2497 275 2537 A
308 2495 562 2549 Congrione.
625 2494 689 2534 Tu
720 2495 849 2536 istum
881 2495 1056 2547 gallum,
1090 2495 1125 2535 si
1157 2494 1284 2547 sapis⁷

921 2680 986 2693 nim-¹

332 2681 396 2713 375
423 2678 470 2712 ad
494 2690 612 2712 meam
639 2679 861 2713 sententiam
920 2690 981 2713 οη
1010 2679 1120 2712 hasce
1180 2679 1245 2712 378
1269 2678 1535 2721 imponeuntur
1606 2678 1671 2710 382
1697 2676 1728 2710 si

238 2740 345 2780 potes
370 2736 506 2770 uicinia
554 2737 618 2770 388
646 2735 711 2769 Cui
738 2736 774 2769 in
799 2747 837 2769 re
862 2735 950 2769 talia
977 2735 1133 2769 subueni
1179 2733 1270 2768 Post
1295 2736 1359 2768 389
1384 2735 1423 2768 in
1449 2734 1552 2768 titulo
1580 2732 1726 2767 COCUS

240 2794 306 2826 390
332 2791 595 2826 DROMODES
622 2804 730 2836 quam
757 2792 890 2836 aspicis
985 2793 1047 2826 391
1075 2802 1266 2826 murenam
1292 2794 1461 2824 exossata
1486 2789 1542 2823 fae
1570 2790 1666 2823 sient
