1897 3171
773 212 815 246 V.
841 213 1028 248 268—288.
1571 214 1649 253 549

163 346 256 384 980.
290 345 383 383 983.
437 344 559 382 Mero.
595 342 686 381 115.
741 342 849 380 Trin.
883 343 977 380 481.
1009 361 1063 366 —
1097 343 1189 380 283.
1213 351 1391 390 propere
1421 340 1650 377 adverbium

162 416 232 460 est,
265 409 390 452 celere
421 412 670 457 adiectivum,
702 414 747 448 ut
777 410 865 448 Ter.
897 410 1054 447 Phorm.
1088 411 1186 448 179:
1224 404 1432 457 „Nullus's,
1465 409 1578 455 Geta,
1610 409 1651 445 ni

160 482 238 518 iam
269 480 430 530 aliquod
459 480 535 518 tibi
567 479 771 517 consilium
803 478 928 515 celere
958 475 1174 526 reperies“.
1234 478 1374 527 Itaque
1405 490 1562 514 necesse
1593 480 1653 514 est

164 553 233 586 aut
267 546 527 598 „properum“
563 547 772 593 scribatur,
805 550 873 583 aut
902 542 1096 591 subitum,
1128 545 1202 583 hoc
1233 549 1361 583 autem
1385 546 1510 593 magis
1535 544 1651 582 Plau-

160 619 288 655 tinum
318 616 493 663 videtur,
527 615 573 653 cf.
605 614 712 652 Pers.
749 614 847 652 584:
898 615 956 660 „si
993 613 1067 650 tibi
1107 614 1228 651 subiti
1266 613 1365 651 nihil
1404 610 1502 651 est“.
1562 612 1652 649 Aul.

164 686 257 724 264.
325 685 432 722 infra
472 684 564 721 302.
603 703 659 708 —
706 683 798 720 284.
845 680 902 720 sit
949 682 1043 719 olim
1089 682 1352 719 emendatum.
1420 681 1500 718 Nec
1546 681 1652 730 quis-

164 767 299 804 quam,
355 753 504 802 inquit,
560 753 627 801 qui
672 750 767 788 mihi
815 750 1034 793 obstiterit,
1085 754 1165 787 tam
1213 750 1420 800 opulentus
1465 750 1541 786 erit
1586 751 1655 786 aut

160 826 274 860 tanta
303 821 429 871 gloria
459 819 662 870 praeditus,
694 823 739 856 ut
771 832 857 856 eum
883 831 960 856 non
991 818 1219 868 proturbem
1253 822 1292 855 et
1315 821 1501 854 evertam.
1549 816 1653 866 Opu-

162 891 295 928 lentiae
328 889 508 938 exempla
537 901 609 938 per
640 888 926 937 appositionem
961 887 1177 924 adduntur:
1223 882 1313 924 Nec
1343 885 1550 935 stratey'zcs
1580 888 1652 922 etc.

165 977 215 983 —
256 966 548 1008 ayomnomus,
601 956 647 993 cf.
681 955 792 1006 Capt.
828 956 920 993 817.
999 950 1206 992 demarchi
1247 953 1352 1004 apud
1393 953 1654 990 Athenienses

163 1027 305 1076 saepius
337 1028 707 1070 commemorantur,
748 1025 814 1073 qui
851 1026 949 1061 vicis
987 1025 1185 1073 praeerant
1225 1026 1262 1059 et
1293 1024 1519 1059 vicanorum
1553 1024 1654 1057 cata-

162 1095 274 1144 logos
289 1093 509 1139 habebant,
544 1089 759 1138 comarchi,
788 1105 975 1141 pagorum
995 1091 1193 1141 praesides,
1221 1093 1252 1128 si
1277 1092 1317 1127 in
1333 1090 1467 1127 Attica
1482 1089 1654 1134 fuerunt,

163 1163 330 1200 minoris
371 1162 488 1198 etiam
530 1162 713 1197 momenti
756 1160 935 1207 fuerunt3
982 1160 1051 1197 sed
1088 1161 1223 1210 potius
1264 1158 1312 1196 ad
1352 1159 1450 1195 alios
1489 1157 1656 1207 populos

163 1231 461 1281 pertinuerunt,
494 1230 659 1266 maxime
685 1228 912 1273 Dorienses,
947 1229 1012 1278 qui
1044 1229 1161 1276 κώμας
1185 1227 1380 1273 dicebant,
1413 1240 1509 1275 quas
1534 1226 1656 1264 Athe·

163 1300 318 1336 nienses
349 1298 491 1345 δήμους,
524 1303 559 1334 v.
591 1298 758 1334 Aristot.
783 1296 894 1334 Poet.
926 1298 960 1334 3.
993 1316 1047 1321 —
1082 1297 1174 1333 287.
1209 1293 1345 1343 capite
1374 1292 1509 1341 sistat,
1541 1308 1577 1332 v.
1606 1294 1657 1332 ad

165 1366 276 1418 Capt.
303 1368 396 1404 787.
419 1386 476 1392 —-
507 1363 557 1403 de
588 1362 745 1411 semita,
779 1379 830 1402 sc.
859 1365 1047 1411 deiectus,
1080 1376 1170 1401 nam
1202 1364 1342 1400 semita
1372 1376 1463 1412 pars
1493 1364 1566 1400 viae
1598 1366 1657 1400 est

165 1435 450 1473 ambulantium
489 1447 606 1471 causa
643 1434 760 1470 altior
798 1432 922 1479 facta,
977 1446 1096 1482 quum
1135 1432 1265 1469 media
1302 1445 1393 1481 pars
1433 1431 1655 1481 depressior

165 1507 205 1541 et
237 1503 414 1541 curribus
445 1502 643 1539 destinata
674 1503 737 1539 sit.
806 1502 881 1538 Res
912 1502 975 1538 vel
1007 1515 1053 1538 ex
1085 1500 1332 1550 Pompeianis
1362 1500 1504 1549 plateis
1535 1500 1654 1547 vulgo

120 1570 124 1573 ’
164 1576 268 1610 nota.
345 1571 400 1608 Cf.
433 1571 554 1608 Mero.
599 1572 674 1608 113
709 1583 765 1619 sq.
811 1570 961 1618 „plenis
1000 1571 1148 1606 semitis
1187 1571 1254 1618 qui
1295 1568 1505 1605 aduorsum
1548 1571 1653 1613 eunt,

163 1640 369 1689 aspellito,
411 1639 592 1685 detrude,
642 1639 808 1676 deturba
847 1639 888 1675 in
926 1636 1073 1674 uiam“.
1117 1635 1180 1684 (de
1214 1637 1340 1674 Casin.
1376 1638 1454 1674 646
1495 1636 1572 1674 vid.
1607 1635 1657 1673 ad

164 1722 251 1746 eum
281 1706 442 1755 locum).
510 1707 555 1745 L.
587 1707 660 1744 Iul.
693 1720 798 1744 mun.
840 1702 973 1755 (Corp.
1005 1706 1125 1743 Inscr.
1159 1705 1246 1743 Lat.
1280 1705 1315 1750 Ι,
1350 1704 1469 1752 206),
1511 1718 1546 1742 V.
1584 1706 1652 1742 53:

169 1776 340 1823 „Quoius
372 1780 462 1813 ante
494 1774 714 1813 aedificium
745 1777 882 1812 semita
912 1776 953 1811 in
984 1775 1068 1812 loco
1097 1777 1184 1820 erit,
1217 1775 1249 1811 is
1281 1789 1362 1811 eam
1397 1775 1575 1811 semitam
1608 1785 1653 1809 eo

165 1844 343 1882 aedificio
396 1848 589 1894 perpetuo
641 1843 841 1894 lapidibus
886 1845 1115 1893 perpetueis
1159 1844 1347 1892 integreis
1393 1842 1656 1879 continentem

165 1916 403 1950 constratam
433 1917 539 1950 recte
569 1910 755 1949 habeto“.
818 1911 904 1949 Liv.
935 1912 983 1957 X,
1019 1913 1082 1957 23,
1120 1912 1190 1947 12:
1229 1909 1464 1957 ..(Censores
1497 1923 1529 1946 a.
1558 1906 1656 1955 296)

164 1983 345 2019 semitam
376 1994 472 2019 saxo
506 1981 698 2031 quadrato
731 1994 753 2017 a
784 1980 940 2030 Capena
970 1983 1086 2028 porta
1124 1979 1172 2015 ad
1204 1979 1346 2016 Martis
1378 1976 1654 2023 straverunt“;

162 2050 289 2099 ipsam
313 2047 462 2096 „viam“
484 2049 620 2086 multis
645 2050 757 2086 aunis
780 2052 869 2098 post
896 2046 946 2095 (a.
970 2049 1059 2094 189,
1078 2061 1112 2085 v,
1130 2046 1350 2094 XXXVIII,
1371 2048 1434 2093 28,
1455 2044 1496 2093 3)
1524 2046 1656 2094 „silice

165 2117 413 2156 sternendam
453 2131 475 2155 a
511 2121 628 2167 porta
660 2117 817 2167 Capena
857 2116 906 2154 ad
936 2116 1078 2154 Martis
1118 2114 1387 2153 locaverunt&
1450 2114 1527 2151 Cic.
1561 2114 1654 2162 Agr.

163 2186 214 2232 ΙΙ,
249 2187 312 2232 35,
346 2188 417 2224 96:
461 2186 651 2233 „Romam
681 2187 722 2222 in
753 2185 950 2222 montibus
982 2185 1151 2234 positam
1184 2188 1221 2220 et
1253 2183 1512 2229 convallibus,
1546 2195 1657 2218 cena-

165 2255 261 2292 culis
300 2254 495 2291 sublatam
535 2258 574 2291 et
611 2267 859 2304 suspensam,
907 2267 986 2290 non
1026 2254 1188 2303 optimis
1225 2254 1318 2298 viis,
1366 2251 1656 2298 angustissimis

165 2323 324 2369 semitis,
356 2335 438 2371 prae
462 2336 531 2360 sua
555 2322 690 2373 Capua
712 2322 944 2371 planissimo
976 2323 1015 2358 in
1046 2321 1132 2359 loco
1165 2321 1361 2370 explicata
1392 2333 1435 2356 ac
1464 2331 1545 2368 prae
1576 2317 1656 2354 illis

165 2391 314 2428 semitis
344 2389 608 2428 irridebunt“.
683 2390 815 2428 senec.
848 2390 921 2439 Ep.
958 2391 1029 2436 64,
1066 2391 1138 2427 1οε
1190 2389 1254 2436 „Si
1287 2388 1484 2425 consulem
1517 2386 1655 2423 videro

167 2464 236 2496 aut
265 2462 493 2508 praetorem,
626 2460 765 2496 semita
795 2456 971 2495 cedam“.
1003 2478 1058 2482 —
1091 2458 1183 2495 288.
1218 2456 1308 2493 Haec
1339 2459 1459 2504 poeta
1489 2454 1653 2491 Latinus

167 2526 214 2564 de
259 2540 328 2564 suo
373 2526 496 2566 addit.
572 2527 761 2573 Queritur
812 2526 860 2563 de
905 2526 1150 2575 philosophis
1196 2524 1342 2561 Graecis
1388 2522 1654 2560 ostentatione

166 2596 373 2643 gravitatis
397 2595 587 2641 molestis,
621 2595 699 2642 sed,
732 2594 800 2632 ubi
830 2608 870 2632 se
895 2595 1020 2631 latere
1047 2593 1218 2638 credant,
1251 2592 1415 2628 luxuriae
1440 2594 1479 2627 et
1500 2590 1657 2626 libidini

167 2662 330 2711 deditis,
375 2676 449 2701 nec
490 2676 554 2701 eos
593 2663 706 2700 aliter
743 2665 1024 2699 commemorat
1055 2665 1121 2697 aut
1153 2660 1332 2709 depingit
1363 2671 1477 2707 quam
1510 2658 1658 2694 faciunt

165 2731 228 2767 vel
265 2731 468 2768 Juvenalis
512 2731 576 2769 vel
614 2731 824 2768 Lucianus.
895 2728 967 2767 isti
1006 2732 1095 2766 cett.
1138 2727 1249 2766 codd.
1329 2723 1504 2765 Palliatz‘
1540 2725 1658 2774 vulgo

167 2797 293 2836 Graeci
340 2802 473 2845 erant,
530 2799 668 2848 operto
721 2804 852 2836 autem
901 2795 1032 2846 capite
1077 2810 1154 2833 non
1200 2795 1324 2833 Graeci
1371 2795 1493 2844 magis
1540 2806 1657 2843 quam
