1897 3171
255 175 334 214 56⁸2
910 167 1093 202 Curculio.

252 300 313 339 ita
351 299 522 337 refertur
562 298 611 335 ad
651 297 885 335 antecedens
927 298 985 343 „si
1021 295 1189 342 forent“,
1236 309 1308 332 nec
1346 295 1511 332 multum
1551 294 1681 331 differt
1721 307 1745 331 a

260 365 452 416 „tamen“,
487 366 533 403 cf.
565 365 681 415 Epid.
717 367 817 403 602:
871 365 935 412 „Si
965 365 1147 402 undecim
1179 363 1276 401 deos
1306 367 1467 414 praeter
1498 376 1582 400 sese
1614 375 1743 399 secum

254 437 425 475 adducat
454 434 655 484 Iuppiter,
701 434 763 471 Ita
793 446 871 470 non
903 445 1037 471 omnes
1069 446 1115 469 ex
1147 433 1324 469 cruciatu
1354 435 1544 481 poterunt
1575 432 1747 468 eximere

253 500 505 554 Epidicum“.
544 522 599 526 —
645 503 740 540 452.
788 512 883 539 nam
919 498 999 548 ita,
1046 502 1071 538 i.
1106 514 1137 538 e.
1176 504 1221 537 ut
1261 501 1343 537 eius
1384 500 1574 537 familiam
1618 499 1745 535 decet.

254 573 490 620 Plerumque
522 573 653 606 autem
683 571 725 607 in
757 569 946 607 eiusmodi
970 570 1154 606 iunctura
1181 569 1347 605 causalis
1371 568 1593 605 coniunctio
1621 566 1743 603 abest.

253 660 308 665 -
341 636 475 685 blatis,
508 652 544 676 V.
579 637 628 674 ad
658 637 800 686 Amph.
835 639 926 675 620.
969 656 1017 662 —
1054 637 1147 674 454.
1182 636 1218 673 le
1249 640 1338 674 cett.
1372 635 1507 682 codd.‚
1540 638 1668 680 recte,
1702 637 1747 670 ut

253 709 407 746 numeri
439 706 662 744 ostendunt.
725 702 955 752 absoluam,
999 718 1034 743 v.
1068 704 1117 741 ad
1147 705 1236 742 Aul.
1274 706 1365 743 509.
1427 714 1505 754 qua
1538 698 1749 741 aduenis&

252 773 413 825 qratia,
447 774 554 824 quod
594 775 739 811 attinet
770 774 819 810 ad
851 787 936 810 eam
970 787 1073 820 rem,
1107 775 1215 810 cuius
1247 775 1379 820 gratia
1409 773 1570 818 venisti,
1618 770 1665 808 cf.
1699 769 1748 807 ad

254 844 396 893 Amph.
433 844 482 880 38
517 846 556 880 et
588 843 681 879 959.

369 912 463 948 455.
496 910 597 948 Dum
622 910 838 959 profecturi
865 909 914 945 ad
938 909 1118 946 lenonem
1144 914 1245 955 sunt,
1269 910 1356 959 ipse
1381 909 1554 946 advenit.
1600 904 1748 958 Atque,

255 993 289 1017 v.
323 980 372 1017 ad
403 978 545 1029 Amph.
580 979 673 1016 948.
735 977 811 1014 Sed
844 987 977 1014 eccum
1009 977 1165 1023 dicitur,
1198 977 1265 1014 ubi
1297 991 1478 1027 persona,
1512 990 1597 1026 quae
1631 989 1750 1026 quum

256 1049 421 1084 maxime
454 1049 795 1091 commemoratur,
836 1045 968 1081 subito
1001 1052 1187 1095 apparet3
1230 1046 1302 1082 hoc
1341 1046 1425 1083 loco
1464 1059 1603 1095 parum
1644 1049 1752 1082 certa

255 1116 406 1153 lenonis
438 1115 585 1152 mentio
616 1114 723 1151 facta
754 1117 832 1160 est;
873 1127 994 1163 quare
1026 1113 1167 1160 Ballas,
1202 1127 1317 1163 quem
1348 1114 1485 1151 laudat
1516 1113 1630 1151 Gotz.
1663 1114 1750 1151 Aet.

256 1184 364 1234 Lips.
397 1183 449 1220 VI
480 1197 517 1232 p.
554 1184 645 1229 277,
681 1182 871 1219 excidisse
904 1195 1057 1218 versum
1090 1187 1225 1231 putat,
1268 1196 1345 1231 qua
1375 1183 1571 1231 trapezita
1601 1181 1753 1219 diceret

258 1252 306 1289 ad
338 1252 518 1289 lenonem
551 1250 721 1287 eundum
755 1263 850 1286 esse.
913 1249 1006 1296 Quae
1039 1252 1233 1287 sententia
1265 1264 1384 1300 quum
1416 1250 1571 1296 habeat,
1605 1263 1681 1298 quo
1712 1263 1753 1287 se

257 1319 520 1364 commendet,
554 1323 636 1355 tum
663 1331 739 1355 non
764 1317 890 1364 video,
925 1331 1000 1367 quo
1026 1320 1110 1355 iure
1134 1318 1327 1356 Fleckeis.
1354 1320 1395 1355 in
1419 1318 1546 1355 medio
1570 1319 1754 1368 proximo

256 1402 372 1425 versu
403 1392 491 1437 post
524 1385 691 1433 ,.ui‹leo‘⁴
721 1386 903 1422 lacunam
929 1400 1012 1423 esse
1037 1390 1196 1424 statuat.
1246 1386 1409 1424 Gotzius
1442 1386 1601 1436 quidem
1634 1387 1754 1423 etiam

256 1463 347 1507 post
380 1457 460 1492 456
495 1459 531 1492 et
561 1459 653 1505 post
685 1456 763 1493 4:37
799 1455 939 1491 omissa
968 1454 1145 1503 quaedam
1173 1455 1410 1500 arbitratui-3
1445 1455 1600 1491 omnino
1626 1458 1754 1491 totum

257 1526 385 1562 locum
425 1528 513 1573 post
553 1522 681 1559 Plauti
723 1525 877 1559 aetatem
920 1524 1203 1560 retractatione
1243 1524 1282 1560 in
1323 1523 1480 1560 brevius
1513 1526 1756 1560 contractum

260 1606 342 1630 esse
376 1595 517 1629 censet.
595 1590 791 1639 Equidem
822 1592 1014 1638 insignem
1048 1590 1303 1637 brevitatem,
1352 1605 1430 1641 qua
1460 1605 1524 1638 ea,
1572 1604 1657 1641 quae
1690 1603 1756 1627 ne-

260 1661 425 1698 cessaria
457 1660 580 1708 magis
613 1672 728 1708 quam
759 1659 928 1696 ridicula
959 1665 1071 1705 sunt,
1113 1662 1250 1709 paucis
1282 1660 1560 1706 absolvuntur,
1594 1659 1641 1696 ab
1672 1660 1758 1708 ipso

260 1730 401 1767 Plauto
421 1727 645 1764 abiudicare
664 1739 740 1763 non
757 1727 894 1765 audeo.
935 1727 1015 1764 Nec
1033 1729 1211 1776 quamvis
1230 1727 1419 1765 excidisse
1438 1727 1589 1777 aliquid
1607 1731 1759 1764 statuas

261 1803 352 1835 ante
392 1798 493 1843 458,
548 1791 658 1844 Quid
703 1792 814 1844 qnod
853 1792 1014 1833 iuratus
1054 1793 1176 1833 sum?
1224 1796 1380 1832 defendi
1420 1799 1597 1846 possunt.
1667 1795 1759 1832 Haec

263 1866 364 1903 enim
397 1864 566 1902 formula
603 1877 682 1900 non
723 1864 973 1900 assentientis
1006 1868 1083 1910 est,
1124 1864 1228 1913 quod
1261 1864 1420 1901 fuerunt
1459 1865 1526 1913 qui
1555 1867 1759 1914 putarent,

264 1934 333 1971 sed
352 1932 662 1970 contradicentis
680 1935 747 1968 aut
764 1931 915 1981 aliquid
941 1932 1177 1979 obiicientis,
1206 1933 1272 1982 qui
1298 1937 1463 1982 propter
1486 1931 1760 1969 iusiurandum

264 2015 303 2039 se
335 2001 386 2047 id,
421 2001 525 2050 quod
549 1999 785 2049 postulatur,
817 2000 948 2036 facere
972 2013 1088 2050 posse
1112 2005 1239 2050 negat.
1287 1999 1362 2037 Sed
1387 2000 1476 2037 talis
1501 1999 1761 2037 iurisiurandi

265 2070 415 2107 nullum
454 2081 618 2117 usquam
661 2068 871 2117 vestigium
911 2072 980 2105 est.
1056 2067 1287 2105 Phaedromo
1336 2068 1495 2117 quidem
1533 2068 1623 2105 leno
1662 2067 1762 2104 nihil

265 2139 469 2188 promisit,
516 2150 550 2173 Υ.
586 2137 635 2172 63
669 2149 777 2185 sqq,
824 2150 893 2173 nec
926 2137 1048 2184 magis
1086 2136 1161 2173 huc
1198 2136 1371 2186 pertinet
1400 2149 1437 2174 v.
1471 2138 1564 2174 705.
1639 2135 1763 2172 Immo

267 2208 455 2254 corrupta
487 2207 576 2241 sunt
606 2204 676 2240 illa
707 2204 848 2250 verba3
891 2218 1027 2241 sensus
1065 2204 1243 2254 postulat
1280 2204 1468 2251 „Quando
1506 2204 1580 2242 hoe
1610 2205 1763 2240 iuratus

268 2270 404 2310 sum?
444 2280 512 2310 aut
548 2268 705 2318 „QuidP
738 2272 779 2308 id
810 2273 960 2309 iuratus
992 2270 1129 2310 sum?·‘
1167 2277 1234 2310 aut
1264 2273 1391 2310 simile
1423 2272 1530 2321 quid.
1563 2291 1618 2296 --
1654 2267 1766 2320 Quid

271 2339 314 2378 id
345 2337 470 2389 refert
503 2337 601 2378 hta?
648 2340 821 2387 lenonis,
871 2341 937 2388 qui
978 2340 1250 2378 iusiurandum
1288 2353 1366 2378 non
1398 2353 1532 2388 curas,
1579 2340 1626 2377 cf.
1659 2339 1765 2376 infra

269 2411 349 2447 494
384 2422 439 2458 sq.
511 2407 613 2445 Rud.
650 2409 777 2445 1373:
828 2407 1008 2454 „Iuratus
1050 2422 1133 2445 sum
1175 2412 1214 2445 et
1249 2422 1352 2446 nunc
1390 2407 1549 2455 iurabo,
1597 2409 1630 2444 si
1669 2405 1765 2456 quid

268 2478 504 2527 uoluptatist
525 2477 633 2523 mihi,
665 2475 941 2513 Iusiurandum
965 2477 1023 2513 rei
1048 2477 1266 2514 seruandae
1282 2489 1361 2514 non
1376 2476 1606 2527 perdundae
1630 2475 1764 2512 condi-

269 2551 397 2583 tatum
429 2543 527 2583 est“.
592 2544 728 2593 Neque
758 2545 843 2594 ipse
871 2543 1083 2592 Cappadox
1113 2544 1185 2581 hoc
1217 2549 1355 2593 negat3
1387 2558 1467 2595 pro·
1493 2544 1765 2581 admonitione

270 2614 339 2650 illa
368 2613 489 2650 verba
520 2616 641 2662 capit,
676 2626 746 2649 nec
777 2616 858 2649 tam
889 2612 1146 2648 iurisiurandi
1178 2626 1295 2650 causa
1325 2626 1454 2662 quam,
1486 2616 1531 2648 ut
1561 2615 1765 2660 argentum

270 2682 508 2732 promissum
541 2681 727 2730 accipiat,
767 2693 849 2717 rem
887 2680 1085 2727 transigit.
1127 2699 1184 2704 --
1229 2680 1324 2718 460.
1372 2680 1517 2717 Versus
1549 2679 1763 2725 claudicat3

273 2749 331 2798 Fl.
363 2763 481 2797 „caue
512 2747 582 2786 ne“
620 2748 701 2795 ed.;
734 2747 889 2785 Muller.
908 2752 1080 2797 transp.:
1117 2760 1235 2793 „caue
1266 2760 1374 2785 mora
1404 2748 1444 2784 in
1474 2751 1515 2784 te
1546 2748 1597 2783 sit
1627 2744 1763 2784 mihi‘⁴.
