1897 3171
148 185 213 230 111,
226 186 360 221 55—72
808 186 988 221 Curculio.

773 311 1025 354 Curculio

150 383 275 435 Quod
304 383 404 425 istic
437 384 705 439 scriptumst,
737 384 779 426 id
811 388 855 425 te
889 397 1013 425 orare
1044 383 1231 425 iusserat

149 454 350 498 Profecto
382 460 431 498 ut
460 455 642 507 faceres,
674 470 796 498 suam
830 456 865 497 si
896 455 1031 497 uelles
1062 455 1260 508 gratiam.

829 551 965 605 Lyco

150 621 370 675 Concede3
401 623 642 678 inspiciam,
679 623 781 678 quid
815 624 871 664 sit
904 623 1127 677 scriptum.

766 729 796 771 C
809 744 836 771 u
847 744 868 770 r
879 743 900 771 c
914 729 1024 771 ulio

1171 800 1386 852 Maxume,

148 874 238 916 Tuo
271 873 502 924 arbitratu,
536 873 635 914 dum
667 873 862 915 auferam
894 873 972 915 abs
1004 877 1047 915 te
1079 872 1135 923 id,
1169 872 1286 926 quod
1318 876 1432 926 peto.

830 979 864 1020 L
913 993 969 1021 eo

154 1051 306 1103 „Miles
340 1022 500 1105 Lyconi
533 1051 574 1092 in
607 1051 829 1105 Epidauro
861 994 1024 1105 hyospiti

149 1122 235 1165 Suo
267 1123 674 1176 Therapontigonus
706 1123 1012 1177 Platagidorus
1044 1122 1288 1176 plurumam

149 1195 341 1237 Salutem
375 1194 519 1236 dicits<

767 1281 1027 1323 Curculio

590 1354 712 1396 Meus
743 1354 814 1396 hie
847 1358 925 1404 est,
957 1353 1134 1395 hamum
1166 1357 1305 1394 uorat.

830 1463 969 1518 Lyco

153 1534 338 1586 „Tecum
369 1549 443 1577 oro
476 1540 518 1577 et
549 1549 725 1590 quaeso,
759 1536 833 1590 qui
866 1535 945 1577 has
977 1533 1163 1576 tabellas
1195 1533 1364 1575 adferet

149 1606 256 1658 Tibi,
289 1611 339 1648 ut
371 1608 409 1648 ei
441 1606 570 1648 detur
603 1622 732 1661 quam
763 1608 861 1649 istic
893 1608 977 1648 emi
1008 1607 1234 1660 uirginem,

150 1678 275 1729 Quod
306 1683 349 1720 te
381 1684 611 1733 praesente
644 1680 717 1721 isti
751 1680 818 1732 egi
850 1683 978 1731 teque
1010 1679 1263 1732 interprete,

147 1751 204 1792 Et
235 1765 387 1792 aurum
418 1756 462 1792 et
492 1755 681 1802 uestem3
713 1752 799 1792 iam
832 1751 928 1801 seis,
961 1755 1009 1791 ut
1040 1750 1304 1791 conuenerit.

148 1823 386 1877 Argentum
420 1822 494 1864 des
526 1822 689 1874 lenoni3
722 1822 821 1864 huic
855 1822 928 1864 des
959 1823 1210 1876 uirginem.‘·

149 1893 236 1937 Ubi
262 1894 415 1950 ipsus?
477 1892 562 1935 Cur
592 1909 678 1936 non
708 1894 856 1936 uenit?

770 2002 1028 2045 Curculio

926 2074 1018 2128 Ego
1052 2075 1190 2117 dicam
1222 2075 1314 2117 tibi.

153 2146 265 2197 Quia
295 2147 638 2201 nudiusquartus
670 2148 869 2190 uenimus
903 2147 1015 2188 enim
1049 2145 1221 2189 Cariam

150 2218 217 2260 Ex
247 2218 385 2271 India,
417 2219 478 2261 ibi
511 2233 625 2261 nuno
655 2223 845 2260 statuam
877 2218 971 2260 uolt
1003 2218 1106 2260 dare
1139 2232 1318 2261 auream

152 2290 346 2333 Solidam
375 2289 625 2333 faciundam
656 2305 708 2333 ex
740 2303 847 2332 auro
880 2289 1121 2344 Philippeo,
1153 2304 1266 2345 quae
1298 2292 1379 2334 siet

154 2361 515 2417 Septempedalis,
547 2362 676 2404 factis
707 2363 1021 2404 monimentum
1052 2363 1153 2405 suis.

833 2468 968 2522 Lyco

154 2538 294 2588 Quam
324 2539 378 2582 ob
410 2554 503 2581 rem
532 2539 678 2581 istuc?

1557 187 1638 227 243

1572 394 1640 428 425

1575 1133 1643 1166 430

1576 1760 1644 1795 435
1682 1736 1684 1739 ’

1577 2301 1645 2335 440

243 2709 311 2743 428
336 2707 499 2744 adferam
602 2710 668 2744 429
692 2708 938 2754 inephidauro
1040 2711 1108 2744 434
1131 2709 1218 2743 istie
1323 2706 1482 2742 437—39
1505 2706 1646 2741 duobus

154 2765 332 2800 uersibus.
404 2766 472 2800 437
497 2764 580 2799 dica
649 2766 715 2800 438
739 2766 906 2800 uenimus
933 2766 972 2801 in
998 2766 1142 2800 Cariam

1306 2831 1374 2865 16*
