1854 3188
123 207 170 251 II,
185 209 216 251 2,
231 207 366 242 65—‘79
769 208 970 242 Aulularia.
1564 214 1612 252 19

714 333 1035 387 Megadorus

484 405 597 455 Quid
627 406 779 447 tibist?

776 477 969 519 Euclio

670 549 794 599 Quod
827 551 994 605 crepuit
1026 551 1150 604 quasi
1180 549 1341 591 ferrum
1372 551 1512 592 modo.
1549 561 1613 595 235

717 637 1034 691 Megadorus

124 708 207 749 Hic
231 708 348 763 apud
373 723 441 750 me
467 709 640 751 hortum
667 709 899 752 confodere
923 710 1041 751 iussi.
1088 709 1173 751 Sed
1196 710 1271 751 ubi
1289 710 1358 751 hic
1376 715 1442 751 est
1457 711 1584 751 homo
1595 711 1614 751 ¹?

124 780 255 832 Abiit,
287 795 427 834 neque
458 796 524 823 me
558 783 785 823 certiorem
817 782 931 823 fecit.
992 782 1180 823 Fastidit
1211 783 1307 823 mei.

124 851 236 901 Quia
266 854 387 895 uidet
417 868 484 895 me
517 869 640 896 suam
671 855 909 896 amicitiam
939 855 1064 906 uelle,
1105 868 1221 895 more
1249 854 1469 895 hominum
1494 855 1614 896 facit.

124 925 236 966 Nam
269 927 305 967 si
338 927 569 980 opulentus
601 927 636 968 it
667 927 854 980 petitum
885 928 1160 980 pauperioris
1192 927 1390 980 gratiam,

124 996 298 1052 Pauper
328 1000 483 1040 metuit
515 999 780 1052 congredirszj
813 1013 890 1052 per
921 1004 1082 1040 metum
1113 999 1225 1039 male
1257 1014 1349 1039 reni
1382 999 1510 1051 gerit3
1553 1011 1619 1043 240

125 1068 257 1121 Idem,
289 1071 462 1122 quando
496 1072 664 1113 occasio
696 1071 824 1112 illaec
855 1072 996 1124 periit,
1029 1075 1129 1125 post
1160 1085 1256 1112 sero
1289 1072 1420 1124 cupit.

779 1159 967 1200 Euclio

127 1228 172 1270 Si
195 1229 341 1271 hercle
366 1245 443 1284 ego
468 1236 510 1272 te
535 1245 619 1272 non
645 1230 952 1284 elinguandam
977 1231 1136 1272 dedero
1158 1245 1294 1284 usque
1314 1230 1368 1271 ab
1386 1231 1620 1282 radicibus,

126 1300 282 1356 Inpero
313 1302 386 1343 tibi
408 1308 646 1356 auctorque
673 1317 781 1355 sum,
814 1308 861 1344 ut
894 1318 961 1344 me
987 1303 1158 1357 quoiuis
1184 1303 1463 1344 castrandum
1490 1303 1620 1344 loces.

713 1391 1033 1444 Megadorus

126 1461 264 1503 Uideo
281 1462 428 1504 hercle
455 1477 531 1517 ego
559 1468 602 1505 te
627 1477 695 1504 me
722 1464 940 1513 arbitrari,
974 1462 1138 1514 Euclio,
1171 1461 1388 1504 hominem
1405 1462 1621 1511 idoneum,

127 1532 263 1583 Quem
295 1538 472 1577 senecta
503 1539 649 1577 aetate
679 1536 806 1577 ludos
837 1536 988 1587 facias,
1020 1534 1137 1576 haud
1168 1535 1322 1575 merito
1356 1548 1463 1575 meo.
1556 1544 1622 1578 245

778 1623 967 1664 Euclio

126 1694 277 1749 Neque
310 1695 478 1750 edepol,
518 1695 774 1749 Megadore,
814 1695 928 1735 facio
966 1707 1121 1746 neque,
1154 1693 1190 1734 si
1223 1694 1408 1746 cupiam,
1443 1693 1621 1746 copiast.

714 1778 1033 1835 Megadorus

129 1850 242 1901 Quid
272 1851 413 1891 nunc?
445 1851 576 1892 etiam
607 1851 713 1892 mihi
744 1850 987 1904 despondes
1018 1849 1180 1891 filiam?

780 1922 977 1964 Euclio

1235 1992 1325 2033 Hiis
1357 1991 1537 2045 legibus,

129 2065 236 2108 Cum
265 2066 341 2108 illa
374 2067 489 2119 dote,
523 2081 652 2120 quam
683 2066 766 2108 tibi
799 2066 898 2108 dixi.

711 2139 761 2184 M
771 2152 792 2180 e
804 2152 830 2192 g
840 2152 865 2179 a
878 2138 905 2179 d
915 2152 938 2179 ο
947 2152 969 2178 r
978 2152 1007 2179 u
1018 2151 1036 2180 s

950 2209 1152 2264 Sponden
1184 2222 1285 2262 ergo
1298 2208 1317 2248 2³

780 2282 816 2322 E
826 2297 855 2323 u
866 2282 911 2323 cl
923 2283 971 2324 io

1383 2350 1594 2405 Spondeo.

128 2425 184 2467 Di
213 2425 322 2467 bene
353 2426 549 2469 uertant!

721 2497 765 2539 M
776 2512 797 2539 e
808 2512 833 2551 g
844 2512 869 2538 a
879 2497 906 2538 d
915 2512 938 2539 o
949 2511 972 2538 r
982 2511 1010 2538 u
1021 2511 1040 2538 s

595 2570 664 2611 Ita
695 2570 738 2611 di
767 2570 925 2610 faxint!

221 2736 288 2770 236
323 2735 388 2770 ubi
410 2735 497 2770 hinc
524 2738 580 2769 est
707 2736 773 2768 240
810 2733 989 2778 congredi
1128 2734 1190 2767 241
1230 2731 1337 2766 illaec
1363 2730 1505 2765 occasio
1530 2729 1627 2774 perit

130 2794 196 2828 243
220 2793 292 2828 tibi
315 2803 380 2828 om.
506 2792 566 2826 cui
591 2791 829 2827 castrandum
928 2792 995 2825 244
1019 2792 1057 2824 te
1083 2800 1148 2824 om.
1256 2790 1321 2822 249
1345 2787 1445 2821 Istuc
1471 2786 1509 2821 di
1534 2787 1627 2821 bene

1310 2856 1352 2891 2*
