1854 3188
647 1025 1142 1078 PROLOGUS.

680 1174 781 1216 Lar
811 1175 1108 1216 familiaris

148 1271 212 1313 Ne
244 1271 339 1325 quis
371 1270 563 1321 miretur,
597 1270 671 1324 qui
702 1270 793 1321 sim,
825 1270 975 1324 paucis
1007 1270 1197 1324 eloquar.

147 1343 240 1397 Ego
274 1342 361 1384 Lar
392 1356 487 1384 sum
517 1342 743 1383 familiaris
776 1356 826 1384 ex
857 1342 940 1384 hac
971 1342 1148 1393 familia,

148 1415 272 1457 Unde
305 1418 531 1456 exeuntem
560 1428 627 1455 me
659 1414 929 1468 adspexistis.
989 1414 1113 1455 Hanc
1145 1413 1317 1454 domum

147 1487 243 1529 Iam
272 1486 431 1529 multos
464 1500 600 1528 annos
632 1490 701 1528 est
731 1500 861 1540 quom
891 1487 1097 1540 possideo
1130 1490 1174 1527 et
1205 1485 1310 1535 colo,

148 1559 271 1601 Patri
302 1573 468 1612 auoque
500 1559 587 1600 iam
618 1558 761 1609 huius,
793 1559 868 1612 qui
898 1572 1011 1599 nunc
1042 1558 1110 1599 hic
1142 1557 1287 1599 habet.

151 1631 235 1674 Sed
266 1631 373 1672 mihi
404 1645 510 1672 auos
541 1630 668 1672 huius
700 1630 933 1672 obsecrans
965 1629 1236 1672 concredidit

150 1703 451 1745 Thensaurum
482 1703 577 1744 auri
608 1702 719 1744 clam
751 1703 911 1753 omnis3
943 1703 987 1743 in
1018 1702 1161 1743 medio
1193 1702 1288 1743 foco

148 1775 337 1826 Defodit‚
369 1788 583 1816 uenerans
614 1788 693 1825 me,
725 1778 773 1814 ut
803 1774 848 1814 id
880 1787 1101 1815 seruarem
1134 1773 1227 1815 sibi.

148 1847 191 1889 Is
224 1848 430 1902 quoniam
460 1847 644 1888 moritur
674 1869 730 1874 -—-
759 1846 822 1887 ita
853 1846 981 1888 auido
1013 1846 1184 1898 ingenio
1215 1845 1316 1886 fuit:

148 1920 392 1973 Numquam
423 1918 617 1960 indicare
646 1918 691 1959 id
720 1918 809 1959 filio
840 1918 979 1960 uoluit
1012 1932 1102 1968 suo,

149 1992 413 2046 Inopemque
446 1991 616 2044 optauit
645 1990 791 2044 potius
825 2004 920 2031 eum
951 1990 1208 2043 relinquere.

152 2063 292 2113 Quam
323 2077 419 2104 eum
451 2062 735 2104 thensaurum
766 2066 1114 2104 conmonstraret
1145 2062 1233 2103 filio
1266 2085 1319 2090 —

150 2136 255 2189 Agri
285 2135 463 2189 reliquit
495 2135 533 2175 ei
562 2149 650 2176 non
679 2148 884 2188 magnum
914 2134 1102 2182 modum,

153 2207 246 2257 Quo
279 2222 376 2249 cum
406 2206 555 2248 labore
586 2220 741 2260 magno
775 2211 818 2248 et
847 2207 1003 2247 misere
1035 2207 1219 2247 uiueret.

150 2280 237 2322 Ubi
267 2281 304 2321 is
337 2279 445 2321 obiit
476 2283 672 2329 mortem,
707 2279 782 2332 qui
812 2278 918 2320 mihi
949 2279 993 2320 id
1024 2292 1178 2319 aurum
1211 2278 1406 2329 credidit,

152 2351 288 2406 Coepi
320 2341 566 2402 obseruare,
599 2351 723 2404 ecqui
753 2351 962 2392 maiorem
993 2350 1106 2392 filius

149 2424 258 2466 Mihi
288 2424 497 2465 honorem
525 2422 721 2473 haberet,
754 2436 886 2476 quam
918 2424 1010 2464 eius
1041 2423 1265 2464 habuisset
1297 2426 1434 2476 paten

150 2496 292 2549 Atque
323 2495 396 2537 ille
426 2509 530 2536 uero
561 2495 700 2536 minus
731 2495 960 2548 minusque
990 2495 1194 2549 inpendio

152 2566 332 2618 Curare,
365 2567 593 2619 minusque
625 2581 691 2608 me
722 2566 929 2621 inpertire
961 2567 1212 2609 honoribus.

152 2640 261 2681 Item
293 2654 314 2681 a
349 2653 416 2680 me
449 2642 602 2680 contra
632 2638 859 2691 factumst;
891 2652 992 2680 nam
1022 2639 1127 2680 item
1160 2638 1268 2680 obiit
1299 2637 1420 2678 diem.

245 2794 285 2827 16
311 2796 347 2827 et
372 2793 434 2837 qui
526 2794 570 2827 20
597 2793 656 2827 die

1602 1929 1643 1960 10

1604 2287 1643 2319 15

1598 2647 1642 2680 20
