1897 3171
241 179 320 217 542
895 173 1074 208 Curculio.

240 317 366 341 meras
412 316 532 353 nugas
588 304 801 339 enarranti.
884 302 959 340 Sed
1013 316 1142 340 casum
1189 303 1276 340 edd.
1324 306 1470 340 temere
1517 307 1728 341 mutarunt.

242 371 402 408 Bothius
443 372 560 408 etiam
606 371 814 417 „Ebriolae
852 371 1046 421 persolla,
1097 384 1181 420 quae
1219 371 1327 408 velut
1369 371 1484 407 ebriae
1521 384 1728 420 personam

241 440 380 485 induit,
415 452 499 489 quae
526 452 564 475 se
583 451 654 487 pro
683 438 792 476 ebria
817 440 921 486 gerit
946 442 1027 476 sive
1052 436 1246 486 insanit“;
1279 438 1385 488 quod
1417 452 1494 487 quo
1526 439 1640 476 modo
1670 439 1729 476 Fl.

230 509 415 558 ,recipere
446 508 637 557 potuerit,
672 520 751 543 non
774 507 962 556 intelligo.
1020 506 1277 544 Scribendum
1302 502 1500 544 Ebriolae
1524 503 1733 556 persollae

240 586 391 624 nassae,
426 580 484 612 est
516 578 645 612 autem
676 577 892 624 genetivus,
928 588 1041 624 quem
1074 576 1227 624 generis
1260 575 1440 624 equidem
1472 589 1587 624 quam
1619 589 1730 625 epex—

242 647 433 692 egeticum
465 643 592 680 dicere
626 643 769 689 malim,
804 643 930 692 qualis
963 647 1023 680 est
1059 642 1274 692 „flagitium
1299 641 1489 679 hominis“
1525 644 1588 690 aL,
1621 656 1655 681 V.
1683 644 1733 680 ad

239 714 346 750 Asin.
380 713 474 749 470.
535 710 658 759 Nugae
697 711 866 748 hominis
907 711 1052 748 dicitur
1092 710 1208 748 homo
1247 713 1478 759 nugatorius
1517 714 1555 747 et
1587 711 1733 748 nullius

240 781 371 831 pretii,
405 779 451 816 cf.
485 779 588 816 infra
618 779 691 816 199
722 792 805 816 cum
832 783 935 816 nota.
962 798 1016 802 —-
1052 774 1249 816 Uenerem
1280 792 1389 816 suam
1422 783 1592 816 amatam
1623 780 1732 830 puel-

240 849 317 885 lam
358 848 472 895 dicit,
514 848 559 884 cf.
593 847 713 884 Most.
752 849 850 884 157:
904 846 957 893 „O
1000 847 1131 885 Uenus
1171 846 1378 889 uenusta“.
1447 847 1605 885 Trucul.
1640 848 1732 886 688.

240 916 395 966 Fragm.
429 929 490 965 ap.
519 915 689 952 Gellium
715 914 856 961 XVIII,
895 916 956 961 12,
992 916 1037 951 42
1075 914 1233 961 „Uenus
1265 919 1435 952 uentura
1467 919 1525 953 est
1557 914 1732 954 nostra‘'.

243 985 354 1034 Vcrg.
388 985 480 1022 Buc.
516 985 557 1030 3,
594 984 663 1020 68:
716 982 861 1029 „Parta
902 996 1010 1020 meae
1043 982 1183 1020 Veneri
1216 988 1306 1021 sunt
1339 981 1542 1022 munera“.
1604 983 1732 1021 Casin.

244 1054 343 1090 210:
381 1065 491 1099 „mea
522 1050 642 1088 Iuno“
678 1065 778 1089 uxor
809 1066 831 1088 a
861 1053 1002 1088 marito
1035 1052 1268 1101 appellatur.
1302 1071 1356 1076 —
1392 1053 1482 1089 193.
1516 1052 1560 1089 In
1592 1053 1675 1089 cod.
1704 1052 1735 1089 B

242 1121 289 1158 ab
322 1122 434 1157 initio
464 1121 560 1157 fuit:
598 1119 680 1167 „Qu
713 1118 895 1169 quidem‘'
933 1133 1017 1157 cum
1051 1133 1189 1157 rasura
1213 1122 1317 1157 inter
1340 1123 1570 1169 utrumque,
1611 1120 1736 1157 altera

243 1203 378 1226 manus
401 1188 483 1235 „Qd
501 1187 684 1238 quidem“
706 1188 809 1234 fecit,
842 1191 886 1225 ut
908 1189 948 1224 in
965 1191 1105 1225 ceteris
1125 1188 1325 1226 codicibus
1346 1191 1423 1235 est3
1454 1188 1635 1238 idemque
1654 1189 1734 1226 edi-

242 1263 371 1295 torum
395 1260 609 1294 tenuerunt
633 1256 823 1306 plerique,
857 1269 1093 1306 quamquam
1125 1257 1291 1305 intelligi
1318 1258 1474 1306 nequit3
1516 1258 1602 1306 quis
1635 1258 1735 1294 enim

243 1325 453 1363 Gruterum
485 1325 586 1362 ferat
619 1327 671 1362 sic
708 1329 973 1361 enarrantem:
1012 1325 1192 1373 „Ergone
1217 1325 1351 1372 feram,
1385 1329 1428 1362 ut
1450 1338 1587 1362 servus
1611 1325 1736 1375 plagi-

242 1394 382 1444 patida
413 1394 474 1431 hic
506 1393 599 1430 mihi
633 1395 807 1442 argutias
840 1390 999 1430 serat‘?“
1035 1397 1102 1430 aut
1127 1394 1372 1430 Pontanuin:
1411 1393 1547 1440 „Quod
1579 1394 1735 1443 quidem

242 1468 300 1500 est
332 1463 459 1512 quoad
493 1461 663 1511 quidem,
699 1462 810 1509 quasi
842 1461 1001 1498 fuisset-z
1050 1461 1258 1511 Quousque
1290 1462 1452 1499 tandem
1575 1460 1731 1499 seret?“

241 1530 364 1568 Immo
402 1529 536 1577 „Quod
570 1527 753 1579 quidem“
790 1534 849 1566 est
885 1528 1022 1575 „Certe
1055 1529 1186 1579 quia“.
1234 1530 1316 1567 Hac
1347 1531 1500 1567 ratione
1527 1530 1737 1568 Palinurus

242 1600 414 1648 incipere
449 1599 666 1636 orationem
699 1599 833 1647 potuit
866 1599 1040 1635 convicia
1071 1612 1138 1635 sua
1173 1598 1468 1645 defendentem,
1511 1598 1579 1636 sed
1611 1602 1738 1637 oratio

242 1668 370 1716 ipsum
403 1667 590 1714 exagitat.
646 1665 858 1702 Lambinus
896 1665 1042 1713 „Quem
1069 1665 1252 1715 quidem“
1288 1667 1360 1713 ed„
1394 1667 1461 1704 sed
1494 1667 1550 1704 ibi
1582 1681 1738 1718 quoque

244 1741 280 1772 et
318 1733 524 1784 „quidem“
560 1747 722 1784 pravum
757 1738 813 1770 est
847 1739 884 1770 et
918 1735 1093 1771 futurum
1125 1734 1329 1772 indicativi
1360 1735 1588 1784 requiritur.
1645 1735 1739 1774 Cum

245 1804 491 1840 coniunctivo
534 1803 649 1840 serat
693 1802 884 1840 eiusmodi
922 1805 1162 1853 principium
1195 1805 1392 1852 congruit:
1445 1802 1629 1851 „Talem“
1678 1804 1740 1841 vel

247 1872 394 1918 „Istum
425 1872 519 1908 mihi
551 1871 754 1921 polluctus
786 1870 884 1907 et0.··'
936 1872 967 1918 Q
1000 1884 1046 1908 ex
1077 1876 1171 1908 nota
1202 1872 1372 1908 Planesii
1404 1876 1434 1907 A
1465 1873 1560 1908 oriri
1586 1875 1739 1922 potuit3

245 1953 335 1976 nam
361 1939 574 1976 Lambinus
606 1943 713 1976 recte
745 1939 951 1987 intellexit,
986 1939 1154 1977 Planesii
1186 1940 1267 1977 haec
1291 1939 1410 1977 verba
1435 1953 1529 1978 esse.
1580 1937 1738 1988 polluc-

247 2009 312 2046 tus
347 2005 492 2056 ztirrssis,
526 2009 550 2045 i.
570 2021 601 2045 e.
621 2009 742 2056 virgis
768 2007 945 2054 devotus,
979 2008 1211 2055 destinatus,
1245 2010 1445 2056 virgarum
1471 2009 1624 2057 praeda;
1655 2009 1739 2058 pol-

243 2077 375 2114 lucere
407 2081 465 2113 est
499 2078 600 2113 enim
635 2075 875 2122 sacrificare3
919 2076 1090 2125 „uirgis“
1126 2077 1283 2114 dativus
1315 2081 1386 2123 est,
1420 2090 1497 2114 non
1530 2076 1739 2123 ablativus,

245 2149 287 2182 ut
328 2145 482 2194 putavit
521 2144 730 2190 Camerar„
770 2145 836 2193 qui
879 2146 1191 2192 „accumulatum
1230 2142 1373 2195 virgis“
1425 2146 1644 2192 enarravit3
1692 2146 1740 2183 cf.

246 2213 346 2251 Rud.
381 2213 481 2250 425:
533 2225 636 2260 „non
675 2225 744 2261 ego
786 2226 870 2249 sum
910 2213 1085 2263 pollucta
1122 2210 1264 2264 pago“.
1307 2233 1355 2238 -
1407 2214 1496 2251 195.
1543 2209 1626 2250 Em
1658 2210 1739 2260 tibi,

247 2282 405 2331 plagam
438 2282 473 2318 ei
504 2281 636 2327 infert,
668 2294 705 2317 v.
725 2281 774 2317 ad
798 2282 938 2330 Amph.
960 2283 1053 2319 771.
1086 2302 1140 2307 —-
1176 2284 1265 2320 196.
1300 2279 1431 2320 Tuam
1461 2278 1607 2330 fidet&
1640 2283 1742 2319 servi

249 2363 356 2386 more
389 2349 686 2398 deprecatorem
718 2349 794 2387 sibi
828 2351 980 2398 quaerit,
1014 2350 1083 2387 sed
1108 2351 1169 2387 ira
1192 2354 1410 2388 commotus
1435 2351 1576 2387 iterum
1603 2363 1741 2400 parum

248 2417 468 2455 verecunde
507 2418 730 2454 Planesium
775 2418 968 2467 appellat,
1016 2418 1193 2456 adhibito
1233 2418 1399 2456 Veneris
1440 2419 1618 2465 nomine,
1666 2430 1742 2467 quo

249 2486 474 2523 adolescens
504 2499 598 2523 usus
631 2489 726 2523 erat.
757 2506 813 2510 —
847 2482 1019 2536 Per9in3
1053 2487 1194 2524 iterum
1227 2500 1311 2524 eum
1343 2487 1536 2524 verberat.
1561 2505 1616 2511 -
1651 2487 1740 2523 198.

250 2550 542 2604 expergyefacis,
570 2555 728 2592 excitas.
759 2574 807 2578 —
840 2556 929 2591 199.
966 2550 1082 2592 Bene
1099 2555 1404 2603 monstrantem,
1431 2555 1739 2604 praecipientem,

250 2623 297 2660 cf.
329 2622 468 2660 Bacch.
508 2624 597 2660 131.
660 2623 764 2660 Men.
801 2622 901 2660 776:
954 2622 1165 2669 „Quotiens
1195 2625 1418 2661 monstraui
1449 2623 1541 2670 tibi,
1581 2624 1666 2660 uiro
1697 2626 1741 2659 ut

250 2704 398 2728 morem
429 2689 596 2741 geras‘?“v
633 2711 688 2716 —-
721 2701 851 2741 naqa-§¹
882 2700 1030 2737 meras,
1065 2691 1111 2729 cf.
1150 2692 1239 2729 192.
1302 2692 1420 2729 Poen.
1457 2692 1555 2728 345:
1595 2690 1741 2737 „Quam

250 2760 373 2809 magis
405 2759 602 2809 adspecto,
642 2762 724 2796 tam
757 2760 879 2808 magis
913 2762 971 2797 est
1001 2759 1173 2796 nimbata
1205 2762 1243 2795 et
1274 2771 1401 2807 nugae
1433 2758 1602 2796 merae“.
1664 2758 1741 2796 Cic.
