1897 3171
258 180 339 218 310
899 176 1098 210 Aulularia.

256 309 363 342 recte
395 307 631 341 monstrasse
668 304 840 342 arbitror
875 302 992 352 „hos“
1028 308 1116 342 ante
1147 306 1320 342 vocalem
1351 307 1445 354 poni
1476 320 1553 343 uon
1584 306 1739 344 debere.

256 393 311 398 —·
344 373 436 410 345.
468 369 647 419 mittere,
689 373 735 410 cf.
770 375 862 411 236.
899 394 946 398 —
983 375 1074 411 346.
1108 373 1215 410 Anus
1248 373 1400 420 vinosa,
1432 373 1501 410 ubi
1530 374 1631 411 nihil
1661 375 1741 411 vini

256 441 382 487 videt,
415 442 653 489 interrogat,
693 436 883 480 Cefrerme
912 438 989 479 has
1019 438 1185 489 nuptias
1214 438 1370 491 facturi
1401 442 1492 488 sint,
1524 443 1549 479 i.
1583 457 1615 480 e.
1648 456 1741 479 num

257 510 386 547 Cereri
417 522 526 547 sacra
563 510 696 559 potius
734 523 851 558 quam
888 511 1049 559 nuptias
1087 509 1228 546 facturi
1266 509 1355 546 sint.
1424 509 1573 547 Cereris
1612 515 1741 547 autem

257 592 366 616 sacra
396 578 460 615 vel
489 577 578 615 hinc
610 582 774 628 apparet
803 579 893 615 vino
926 578 1107 615 caruisse.
1175 577 1256 615 Nec
1295 591 1448 628 semper
1477 580 1610 616 tamen
1642 579 1742 615 ἄοινα

257 649 337 686 sive
377 647 528 694 νηφάλια
568 646 687 683 fuisse
732 646 926 692 videmus3
980 659 1071 682 nam
1115 646 1155 682 in
1201 658 1321 695 porca
1365 645 1609 695 praecidanea
1651 651 1742 684 ante

256 716 411 753 messim
442 715 544 751 facta
576 715 695 751 etiam
725 716 859 751 vinum
890 713 1142 760 adhibebant,
1175 727 1210 751 v.
1237 713 1319 751 Cat.
1346 713 1390 751 R.
1417 714 1464 752 R.
1500 715 1590 761 134,
1625 719 1663 752 et
1694 715 1742 752 de

257 783 480 822 Cerealibus
519 783 650 820 vernis
689 782 802 831 Verg.
837 781 980 830 Georg.
1013 782 1050 829 I,
1095 783 1192 819 343:
1244 781 1417 829 „Cuncta
1453 782 1530 820 tibi
1561 783 1742 821 Cererem

256 852 378 903 pubes
410 851 574 899 agrestis
606 851 754 897 adoret,
788 850 859 887 Cui
889 854 932 887 tu
963 851 1062 887 lacte
1094 850 1204 887 favos
1237 853 1276 887 et
1305 850 1392 887 miti
1417 849 1525 888 dilue
1548 851 1742 890 Baccho“.

256 921 320 958 Ad
351 933 464 970 quem
494 920 621 957 locum
654 918 832 956 Servius:
871 918 1142 968 „Superfluum
1173 921 1242 965 est,
1275 918 1381 967 quod
1412 919 1569 967 quidam
1596 919 1742 967 dicunt,

257 993 396 1028 contra
426 988 656 1038 religionem
688 987 832 1024 dixisse
864 987 1081 1035 Vergilium
1111 987 1229 1024 licere
1260 986 1392 1024 Cereri
1423 986 1472 1024 de
1501 988 1594 1025 vino
1626 990 1743 1026 sacri-

256 1058 383 1104 ficari3
429 1056 676 1107 pontificales
713 1069 880 1106 namque
918 1056 989 1093 hoc
1027 1070 1104 1093 11011
1136 1057 1274 1092 vetant
1304 1054 1409 1092 libri.
1470 1055 1583 1102 Quod
1613 1060 1744 1094 autem

256 1126 419 1163 Plautus
466 1125 507 1161 in
544 1123 769 1171 Aulularia,
817 1125 925 1161 cuius
970 1125 1047 1174 ipsi
1093 1127 1261 1161 utuntur
1306 1124 1501 1174 exemplo:
1561 1124 1745 1172 „Cererin

256 1195 414 1243 nuptias
445 1194 588 1230 facturi
620 1193 726 1240 estis,
758 1193 851 1241 quia
881 1193 1017 1230 temeti
1047 1193 1210 1230 allatum
1241 1191 1342 1229 nihil
1372 1192 1554 1241 intelligo
1566 1191 1625 1240 ‘?“,
1666 1207 1743 1230 11011

257 1266 316 1300 est
346 1263 436 1299 huic
466 1262 551 1299 loco
576 1261 841 1309 contrarium,
868 1275 957 1298 nam
986 1261 1094 1298 aliud
1118 1264 1175 1297 est
1200 1260 1432 1298 sacrificium
1457 1261 1564 1298 aliud
1588 1264 1745 1312 nuptias

257 1331 477 1378 celebrare,
524 1330 564 1367 in
602 1329 744 1380 quibus
783 1343 826 1367 re
864 1343 958 1367 vera
995 1331 1128 1367 vinum
1159 1328 1338 1366 adhiberi
1368 1329 1475 1367 nefas
1507 1333 1612 1377 erat,
1659 1343 1744 1379 quae

256 1400 347 1438 Orci
378 1399 527 1449 nuptiae
560 1398 809 1446 dicebantur,
853 1412 951 1448 quas
989 1398 1203 1448 praesentia
1243 1411 1312 1435 sua
1348 1397 1554 1447 pontifices
1594 1399 1744 1446 ingenti

256 1468 503 1506 solemnitate
543 1465 837 1506 celebrabant&
914 1467 1006 1514 Quae
1051 1466 1147 1504 mihi
1194 1466 1351 1516 quidem
1396 1469 1541 1503 temere
1580 1466 1746 1504 conficta

256 1537 462 1585 videntur,
508 1550 598 1574 nam
638 1538 669 1574 si
710 1549 796 1587 quae
828 1536 917 1574 Orci
948 1536 1096 1585 nuptiae
1127 1535 1306 1581 fuerunt,
1351 1534 1619 1584 Proserpinae,
1665 1549 1745 1573 non

257 1605 409 1643 Cereris
440 1605 685 1655 appellandae
717 1609 826 1653 sunt,
867 1605 1042 1654 quamvis
1072 1603 1170 1641 illud
1200 1603 1367 1650 Preller‚
1405 1602 1517 1641 Rom.
1550 1603 1674 1652 Myth.
1705 1618 1744 1654 p.

257 1675 338 1712 439
371 1673 581 1711 defendere
622 1677 803 1722 conetur,
849 1674 925 1711 nisi
964 1673 1068 1710 forte
1097 1672 1300 1710 Euclionis
1337 1673 1498 1722 nuptias
1538 1674 1745 1721 quisquam

257 1756 334 1790 eaS,
367 1755 452 1792 quae
475 1742 539 1780 hic
563 1742 754 1780 faciendae
779 1745 882 1790 sunt,
916 1741 1117 1792 appellare
1142 1741 1285 1790 potuit.
1330 1739 1490 1777 Rectius
1507 1740 1744 1788 Macrobius,

253 1811 357 1861 apud
388 1824 504 1860 quem
545 1807 721 1860 (Saturn.
754 1811 833 1858 III,
870 1809 936 1856 11)
975 1811 1075 1848 alter
1106 1809 1324 1859 Vergilium
1366 1809 1567 1858 vituperat
1603 1822 1741 1858 „quum

253 1880 384 1917 Cereri
414 1881 505 1917 vino
535 1880 655 1917 libari
686 1880 850 1927 iuberet,
885 1878 989 1928 quod
1021 1878 1200 1916 omnibus
1231 1878 1350 1915 sacris
1380 1880 1547 1915 vetatur.
1601 1877 1743 1915 Vinum

253 1952 383 1985 autem
415 1948 545 1985 Cereri
583 1962 662 1985 non
693 1949 821 1995 libari,
870 1947 1007 1984 debuit
1038 1947 1150 1983 illum
1180 1946 1242 1984 vel
1271 1945 1435 1983 Plautus
1467 1946 1627 1992 docere,
1677 1947 1743 1995 qui

253 2018 294 2053 in
324 2016 534 2054 Aulularia
565 2019 641 2054 ait:
683 2016 863 2063 Cererin,
896 2017 949 2052 mi
981 2015 1163 2061 Strobile,
1196 2014 1236 2051 hi
1267 2017 1357 2051 sunt
1386 2014 1528 2051 facturi
1558 2015 1742 2063 nuptias?

253 2084 356 2131 Qui?
389 2085 488 2131 Quia
510 2086 648 2122 temeti
672 2084 771 2121 nihil
797 2084 958 2121 allatum
984 2081 1185 2132 intellig&
1205 2098 1213 2129 3
1246 2082 1347 2119 alter
1370 2085 1501 2119 autem
1516 2083 1740 2132 respondet,

253 2153 356 2202 apud
388 2153 604 2203 Vergilium
635 2166 715 2190 non
752 2154 904 2199 vinum,
951 2151 1020 2189 sed
1062 2152 1229 2188 mulsum
1267 2149 1494 2198 significari.
1569 2151 1742 2189 Plautini

253 2226 382 2259 autem
413 2221 538 2268 codd„
566 2221 796 2271 quibuscum
822 2222 1016 2258 consentit
1033 2220 1137 2257 Fest.
1156 2233 1193 2269 p.
1215 2220 1307 2266 364,
1339 2232 1431 2256 nam
1458 2219 1634 2258 Servium
1664 2234 1742 2257 non

252 2304 395 2337 moror,
420 2290 616 2340 praebent:
649 2286 723 2328 has
753 2286 917 2338 facturi,
951 2293 989 2326 et
1023 2286 1166 2337 „estis“
1202 2289 1331 2325 omitti
1363 2288 1542 2338 potuisse
1572 2287 1739 2335 videtur,

252 2373 288 2397 v.
314 2359 364 2396 ad
386 2358 528 2409 Amph.
550 2359 648 2405 5903
680 2358 749 2395 sed
779 2359 820 2394 in
850 2371 893 2395 re
923 2371 1062 2408 parum
1090 2361 1198 2395 certa
1222 2370 1269 2394 ex
1299 2356 1502 2394 Macrobio
1534 2356 1618 2403 („hi
1649 2360 1741 2394 sunt

253 2425 441 2475 facturi“)
476 2427 575 2466 sunt
607 2426 905 2465 adsciscendum
934 2429 1085 2476 putavi.
1145 2425 1302 2463 Muller.
1334 2424 1391 2462 Pl.
1424 2424 1533 2462 Pros.
1565 2438 1603 2474 p.
1636 2425 1738 2463 482:

257 2498 344 2546 „hic
375 2500 466 2534 sunt
495 2487 677 2534 futurae“.
712 2515 760 2520 --
797 2496 889 2533 347.
924 2494 1114 2533 temetum.
1143 2494 1278 2531 vinum
1309 2496 1380 2541 est,
1421 2496 1467 2530 ut
1505 2495 1562 2531 ait
1592 2493 1740 2530 Nonius

253 2580 291 2615 p.
312 2567 332 2602 5
359 2568 398 2602 et
422 2565 522 2602 hunc
547 2577 702 2602 versum
727 2563 891 2601 afferens
915 2567 955 2600 et
979 2563 1134 2600 Trucul.
1155 2563 1255 2610 8203
1287 2562 1335 2600 cf.
1361 2561 1470 2600 Fest.
1487 2575 1526 2612 p.
1548 2562 1639 2609 364,
1672 2562 1739 2611 qui

254 2638 293 2671 et
322 2635 407 2683 ipse
437 2634 507 2670 hos
537 2645 672 2670 versus
703 2631 817 2669 affert
846 2635 952 2669 recte
984 2632 1171 2681 scriptos,
1212 2632 1288 2669 nisi
1326 2630 1433 2680 quod
1466 2627 1631 2678 „uideo“
1666 2643 1737 2679 pro

259 2700 486 2752 „intelligo“
521 2700 651 2739 habet.
713 2699 812 2738 Gell.
837 2700 886 2748 X,
921 2702 985 2748 23,
1022 2701 1056 2737 1.
1091 2700 1140 2737 al.
1172 2719 1227 2725 —-
1260 2700 1351 2738 348.
1383 2696 1432 2748 Si,
1464 2699 1489 2736 i.
1508 2711 1540 2736 e.
1570 2698 1736 2748 quando,

255 2771 302 2808 cf.
321 2770 440 2808 Stich.
461 2771 560 2808 754:
599 2769 663 2816 „Si
686 2769 760 2807 hoc
788 2769 983 2815 eduxeris,
1012 2799 1019 2806 .
1040 2799 1047 2805 .
1068 2799 1075 2805 .
1102 2769 1322 2806 cantionem
1339 2768 1511 2817 aliquam
1527 2766 1736 2817 occipito“.
