1897 3171
262 187 347 226 ‘426
889 181 1103 217 Bacchides.

264 311 391 350 Caecil.
424 324 484 360 ap.
517 310 639 349 Cicer.
672 310 765 349 Lael.
800 312 864 359 26,
896 313 960 349 99.
1022 311 1249 348 Similitudo
1281 324 1302 366 a
1333 311 1466 359 coquis
1497 311 1639 360 petita,
1680 311 1746 360 qui

264 392 350 429 quae
381 382 563 416 assantur
600 392 698 416 veru
735 382 907 416 versant.
938 399 993 404 —
1033 380 1126 417 763.
1172 380 1309 416 Manet
1345 380 1386 415 in
1424 392 1465 415 re
1504 380 1743 428 coquinaria.

260 444 433 497 frictum
450 444 552 493 Cicer
568 460 614 483 ex
630 446 766 484 Horat.
785 447 830 485 A.
844 447 886 485 P.
909 448 985 484 249
1006 450 1150 494 notum,
1175 447 1333 493 „frictas
1350 443 1490 484 nuces“
1510 446 1631 484 Poen.
1653 447 1744 484 323.

376 515 468 552 766.
516 514 727 552 Nicobulus
765 517 864 560 exit,
912 518 956 551 ut
993 515 1118 551 voluit
1149 514 1376 563 Chrysalus,
1425 515 1459 551 ei
1496 514 1746 551 vehementer

259 583 397 619 iratus,
466 592 638 631 mamm&
668 582 835 630 Pylades
875 582 1060 619 restituit.
1131 579 1328 629 (liuidiae‚
1377 581 1621 630 aegritudini,
1669 595 1745 631 qua

259 651 410 687 animus
442 650 553 699 quasi
590 652 630 687 in
672 650 844 687 diversas
875 653 1008 699 partes
1039 650 1230 697 trahitur,
1272 651 1318 688 cf.
1350 650 1452 687 infra
1488 651 1605 687 1030.
1660 649 1742 687 Cas.

263 719 352 756 168.
413 718 534 755 Merc.
579 719 671 755 610.
733 717 851 755 Stich.
893 718 957 755 24.
1019 718 1175 756 Trucul.
1219 720 1311 756 843.
1351 738 1406 743 —-
1455 719 1547 755 770.
1593 713 1742 766 Atque,

257 785 335 823 vid.
375 785 424 822 ad
462 786 602 834 Amph.
644 785 737 823 948.
813 780 1055 835 Cllrysalust
1092 785 1195 823 Cam.
1238 806 1286 811 —
1339 787 1432 823 773.
1478 786 1525 822 ut
1562 785 1742 822 Bentleio

257 853 446 891 suadente
471 853 616 891 delevit
631 853 802 899 Ritsch.;
834 857 917 890 tum
942 853 990 890 ad
1015 854 1358 903 redintegrandam
1384 854 1599 890 orationem
1622 853 1743 890 talem

259 922 496 958 versiculum
527 924 619 972 post
652 923 730 959 775
765 921 956 959 excidisse
987 923 1167 971 putavit:
1205 922 1412 969 „Profecto
1444 935 1521 958 non
1551 935 1653 958 nunc
1683 934 1743 958 me

255 1001 395 1038 operae
440 1003 649 1039 parsurum
695 987 845 1027 meae“.
923 989 997 1027 Sed
1042 1003 1113 1027 nec
1158 991 1370 1040 repetitum
1415 990 1462 1028 ut
1504 989 1584 1026 ullo
1628 989 1742 1026 modo

255 1057 434 1104 offendit,
467 1057 547 1095 vid.
574 1057 622 1094 ad
646 1057 734 1095 Aul.
764 1059 856 1104 785,
891 1060 940 1104 et,
974 1060 1018 1094 ut
1049 1058 1097 1094 ad
1128 1057 1268 1108 Amph.
1304 1058 1381 1095 826
1415 1057 1629 1105 docuimus,
1661 1058 1742 1094 haec

255 1125 449 1175 particula
479 1128 570 1174 post
601 1125 758 1162 iurandi
789 1125 953 1162 verbum
984 1139 1056 1175 per
1088 1126 1242 1176 ellipsin
1267 1125 1461 1175 quandam
1485 1126 1654 1175 ponitur,
1686 1127 1741 1162 ita

254 1196 299 1230 ut
329 1206 398 1230 nos
430 1193 729 1242 interpretando
767 1193 931 1230 reddere
969 1207 1047 1231 non
1077 1195 1282 1244 possimus..
1313 1214 1358 1218 —
1400 1196 1493 1231 776.
1527 1189 1739 1240 Ferratus,

250 1261 355 1298 ferro
400 1262 566 1298 vinctus.
616 1281 664 1287 -
715 1263 808 1299 779.
863 1256 1007 1309 Sacer,
1065 1262 1250 1299 scelestus
1295 1266 1334 1299 et
1379 1261 1642 1308 detestabilis,
1697 1264 1741 1298 ut

250 1331 307 1366 ait
344 1329 492 1366 Nonius
538 1342 578 1378 p.
621 1331 718 1376 397,
759 1330 844 1366 coll.
883 1329 1035 1379 Turpil.
1075 1343 1111 1367 v.
1154 1331 1226 1367 25:
1279 1343 1480 1379 „pessume
1526 1343 1568 1367 ac
1615 1343 1740 1366 sacer-

251 1396 402 1435 rume“.
464 1397 582 1435 Poen.
618 1399 692 1435 89:
744 1398 916 1444 „homini
947 1418 1001 1422 —
1033 1399 1064 1434 si
1103 1398 1192 1435 leno
1233 1402 1290 1435 est
1320 1398 1434 1435 homo
1466 1418 1520 1422 —
1552 1401 1740 1447 quantum

248 1466 444 1503 hominum
468 1469 574 1502 terra
597 1466 776 1512 sustinet,
810 1464 1076 1503 sacer1·unio“.
1124 1466 1213 1503 add.
1239 1466 1355 1504 Most.
1386 1468 1478 1504 967.
1525 1465 1625 1502 Rud.
1648 1466 1737 1503 158.

250 1554 304 1559 -
337 1530 486 1582 Specta
515 1544 613 1580 rem,
648 1534 693 1571 cf.
726 1534 813 1571 Ter.
847 1534 987 1572 Heaut.
1025 1535 1150 1572 1023:
1188 1548 1294 1581 „rem
1327 1548 1445 1583 quum
1475 1533 1621 1579 uideas,
1655 1546 1740 1569 cen·
1767 1570 1769 1573 Α

251 1599 378 1640 seas“.
417 1622 474 1627 —
514 1603 606 1640 780.
653 1599 814 1639 mellum
852 1602 986 1639 Herm.
1019 1602 1064 1639 R.
1100 1601 1158 1640 Fl.
1193 1602 1450 1649 addiderunt,
1498 1614 1616 1651 quum
1649 1600 1742 1638 olim

252 1670 495 1707 intellectum
527 1674 627 1707 esset
660 1671 907 1719 negationem
939 1669 1165 1708 desiderari.
1191 1690 1247 1694 —
1271 1672 1364 1708 782.
1397 1666 1473 1708 llas
1499 1669 1557 1707 Fl.
1583 1668 1741 1706 Mffller.

253 1737 440 1775 Schmidt.
474 1750 585 1786 pron.
620 1737 810 1775 demonst.
851 1751 888 1787 p.
924 1739 988 1775 25.
1049 1738 1094 1775 R.
1138 1738 1277 1785 „hasce
1318 1735 1500 1775 tabulas“
1550 1737 1741 1774 ediderat.

252 1826 306 1830 -ν-
353 1807 446 1842 784.
494 1802 633 1843 Nosce
665 1804 849 1855 siqmmz,
896 1806 975 1844 vid.
1019 1806 1067 1843 ad
1106 1806 1246 1855 Amph.
1282 1806 1374 1844 780.
1422 1806 1525 1843 infra
1557 1807 1650 1843 981.
1691 1824 1746 1829 —-

252 1893 307 1898 —-
347 1874 440 1911 786.
481 1869 575 1911 Seio
615 1875 759 1911 iniuria
797 1878 1020 1924 suspectum
1051 1874 1186 1911 Brixio
1219 1875 1319 1911 Ann.
1352 1874 1449 1924 phil.
1483 1873 1552 1920 CI,
1592 1887 1630 1922 p.
1665 1873 1743 1910 768

253 1955 324 1990 sq„
357 1942 424 1990 ,qui
459 1938 591 1987 „Nisi“
625 1942 794 1979 volebat.
826 1962 882 1967 —-
922 1943 1000 1979 787
1034 1956 1090 1992 sq.
1131 1942 1230 1979 Dum
1263 1942 1380 1979 herus
1407 1941 1613 1992 epistolam
1637 1941 1743 1988 legit,

256 2009 468 2058 Chrysalus
500 2023 627 2046 secum
660 2010 823 2058 gaudet,
871 2011 975 2059 quod
1014 2011 1091 2048 iam
1131 2014 1267 2059 captus
1307 2011 1372 2048 sit.
1434 2010 1576 2047 Dolum
1617 2012 1746 2046 autem

253 2091 365 2115 suum
412 2091 495 2115 cum
542 2077 765 2115 transenna
811 2081 973 2128 aucupis
1016 2082 1230 2127 comparat.
1307 2079 1352 2128 Is·
1389 2079 1553 2128 laqueus
1595 2080 1653 2114 est
1690 2077 1746 2113 ita

256 2149 523 2194 comparatus,
577 2149 622 2182 ut
676 2160 794 2195 quum
847 2146 987 2183 turdus
1042 2147 1170 2183 cibum
1222 2147 1276 2184 ibi
1330 2148 1502 2196 positum
1556 2145 1744 2195 tetigerit,

256 2215 390 2252 statim
429 2217 566 2262 captus
605 2214 793 2263 pendeat,
843 2214 888 2251 cf.
930 2215 1036 2252 Pers.
1085 2216 1186 2252 481:
1252 2215 1389 2260 „Hunc
1435 2215 1630 2251 hominem
1676 2225 1745 2262 ego

255 2282 371 2319 hodie
411 2282 451 2318 in
487 2284 740 2318 transennam
782 2282 908 2319 doctis
944 2282 1131 2320 deducam
1164 2280 1304 2320 dolis“.
1366 2282 1465 2321 Rud.
1503 2283 1607 2319 1235
1640 2294 1745 2330 sqq.:

262 2351 325 2397 „in
357 2353 486 2387 aetate
517 2349 715 2386 hominum
748 2350 940 2398 plurimae
972 2350 1092 2388 Fiunt
1123 2354 1370 2398 transennae,
1403 2351 1469 2388 ubi
1501 2350 1748 2399 decipiuntur

258 2419 371 2456 dolis.
433 2418 563 2467 Atque
595 2417 735 2467 edepol
766 2421 805 2455 in
838 2432 900 2455 eas
932 2419 1164 2468 plerumque
1197 2432 1284 2456 esca
1308 2420 1526 2468 inponitur,
1561 2418 1682 2464 Quam
1715 2418 1747 2454 si

257 2487 344 2535 quis
377 2486 514 2523 auidus
544 2487 672 2535 poscit
705 2499 831 2523 escam
865 2488 1056 2533 anai-iter,
1098 2487 1303 2536 Decipitur
1340 2488 1380 2523 in
1411 2490 1626 2523 transenna.
1657 2498 1746 2521 aua-

257 2554 348 2591 ritia
378 2552 490 2592 sua“.
552 2554 734 2592 Ceterum
766 2554 938 2591 Plautini
971 2555 1081 2592 codd.
1115 2555 1262 2603 ubique
1301 2555 1465 2591 formam
1512 2551 1742 2600 „trasennzff

258 2622 432 2670 praebere
471 2622 673 2669 videntur,
726 2620 984 2669 „transenna“
1026 2622 1176 2659 Nonius
1223 2624 1421 2672 ceterique
1463 2625 1652 2658 auctores.
1693 2640 1749 2645 --

260 2686 483 2727 lumbricus
528 2687 594 2737 (cf.
627 2690 715 2728 Aul.
750 2686 848 2739 620)
895 2691 1037 2727 vermis
1085 2694 1143 2726 est
1187 2703 1259 2740 pro
1306 2691 1392 2728 cibo
1439 2689 1651 2738 appositus.
1691 2707 1749 2712 --

265 2754 447 2803 „Tenzc8“
494 2758 549 2795 ait
586 2758 738 2796 Nonius
777 2771 813 2807 p.
857 2759 878 2796 6
927 2762 1009 2805 „est
1053 2758 1235 2807 laqueus,
1284 2757 1410 2794 dictus
1448 2770 1470 2793 a
1508 2753 1746 2802 tendicula“,
