1854 3188
202 213 255 251 94
918 208 1035 242 Plauti
1456 209 1522 253 ΠΙ,
1536 211 1568 254 67
1582 212 1694 246 3-23

766 332 1128 375 Mnesilochus

543 403 637 445 Non
668 404 813 458 placet
844 405 948 446 1111111
979 419 1096 457 cena,
1129 419 1240 459 quae
1271 405 1401 447 bilem
1431 411 1589 449 mouet.
1626 419 1692 452 535

778 476 1120 518 Pistoclerus

199 547 313 588 Num
346 561 459 601 quae
493 548 744 590 aduenienti
775 548 1003 601 aegritudo
1035 548 1278 591 obiectast?

756 631 986 673 Mnesilo
1002 630 1133 673 chus

1280 703 1420 757 Atque
1451 719 1689 748 acerruma.

778 775 1116 817 Pistoclerus

200 846 322 888 Unde
333 847 352 887 Ῥ

765 918 1130 960 Mnesilochus

236 990 299 1032 Ab
317 991 504 1042 homine,
523 1004 649 1044 quem
666 990 771 1032 mihi
787 991 974 1033 amicum
992 1004 1084 1032 esse
1103 991 1343 1034 arbitratus
1362 1006 1455 1034 sum
1473 992 1691 1034 antidhac.

767 1077 1112 1119 Pistoclerus

198 1150 325 1191 Multi
356 1164 474 1191 more
503 1150 589 1192 isto
621 1153 752 1203 atque
782 1150 978 1204 exemplo
1010 1151 1174 1202 uiuont,
1208 1165 1316 1204 quos
1348 1164 1480 1205 quom
1511 1165 1689 1193 censeas

204 1222 307 1263 Esse
339 1222 511 1274 amicos,
541 1222 816 1276 reperiuntur
846 1221 946 1264 falsi
976 1221 1244 1275 salsimoniis‚

202 1294 365 1348 Lingua
394 1294 578 1345 factiosi,
610 1294 769 1335 inertes
802 1307 946 1348 opera,
979 1293 1174 1336 sublesta
1203 1294 1301 1337 fide.
1623 1307 1694 1340 540>

200 1366 356 1407 Nullus
388 1370 465 1418 est,
497 1366 600 1420 quoi
630 1381 717 1408 non
748 1366 974 1407 inuideant
1002 1380 1095 1407 rem
1125 1367 1359 1408 secundani
1390 1367 1634 1420 optingere3

197 1438 289 1480 Sibi
319 1452 371 1479 ne
401 1438 663 1490 inuideatur,
695 1439 778 1492 ipsi
809 1438 982 1492 ignauia
1011 1442 1126 1480 recte
1159 1443 1330 1481 cauent.

754 1525 1126 1567 Mnesilochus

197 1597 363 1651 Edepol
394 1612 447 1639 ne
478 1602 525 1639 tu
557 1596 730 1639 illorum
761 1611 902 1638 mores
933 1611 1143 1651 perquam
1173 1597 1381 1639 meditate
1412 1602 1549 1639 tenes.

198 1668 280 1710 Sed
321 1669 451 1710 etiam
497 1683 631 1710 unum
676 1668 758 1711 hoc
805 1682 855 1710 ex
894 1670 1065 1722 ingenio
1105 1669 1218 1711 malo
1260 1669 1422 1711 malum
1461 1670 1687 1712 inueniunt

1147 1755 1243 1783 suo:

195 1812 313 1854 Nulli
344 1812 471 1853 amici
503 1816 613 1864 sunt,
644 1813 840 1853 inimicos
871 1813 955 1866 ipsi
985 1813 1029 1853 111
1061 1827 1152 1855 sese
1185 1814 1321 1854 omnis
1352 1812 1538 1864 habent3
1620 1824 1686 1857 545

195 1885 337 1938 Atque
355 1884 385 1924 ii
402 1898 446 1926 se
465 1898 594 1938 quom
619 1883 846 1935 frustrant,
879 1884 1082 1926 frustrari
1106 1885 1213 1926 alios
1239 1884 1384 1926 stolidi
1408 1884 1683 1926 existumant.

196 1956 265 1997 sio
284 1959 333 1997 ut
350 1959 417 1997 est
433 1955 515 2007 hie,
533 1970 660 2008 quem
677 1969 802 2008 aeque
828 1970 923 1997 esse
948 1956 1133 1997 amicum
1156 1960 1276 1998 ratus
1303 1970 1397 1997 sum
1414 1959 1544 2009 atque
1561 1957 1682 2009 ipsus

1142 2042 1237 2069 sum
1267 2027 1385 2069 mihi.

194 2099 283 2149 llle,
316 2099 430 2152 quod
462 2100 505 2140 in
537 2112 583 2139 se
612 2098 706 2150 fuit,
737 2098 994 2141 adcuratum
1024 2099 1199 2151 habuit,
1240 2099 1356 2153 quod
1385 2104 1536 2154 posset
1567 2099 1682 2151 mali,

198 2171 381 2212 Faceret
410 2171 453 2211 in
485 2184 565 2221 me,
596 2170 900 2212 inconciliaret
931 2172 1078 2225 copias
1112 2173 1249 2213 omnis
1280 2185 1409 2213 meas.

772 2257 1109 2300 Pistoclerus

194 2328 429 2383 Inprobum
460 2329 603 2370 istunc
635 2342 731 2370 esse
763 2333 935 2383 oportet
965 2330 1193 2372 hominem.

759 2415 1126 2459 Mnesilochus

972 2488 1033 2530 Et
1063 2502 1138 2542 ego
1170 2489 1232 2530 ita
1264 2502 1355 2530 esse
1386 2488 1588 2530 arbitror.
1616 2500 1685 2532 550

285 2615 350 2647 536
376 2625 574 2648 acerrumae
599 2615 642 2654 B,
670 2625 857 2649 acerrume
884 2616 912 2649 (J
973 2617 1039 2649 537
1064 2616 1255 2650 andedhac
1279 2617 1314 2651 B
1372 2617 1530 2650 538—49
1554 2625 1620 2651 om.
1645 2616 1681 2649 A

194 2672 259 2705 539
284 2670 384 2705 falsis
455 2672 522 2704 540
547 2672 720 2706 subuesta
744 2671 791 2714 B,
818 2672 994 2706 subuecta
1021 2672 1050 2707 G
1113 2674 1176 2706 541
1204 2673 1265 2716 qui
1290 2684 1365 2707 non
1389 2672 1555 2706 inuideat
1614 2673 1682 2706 542

193 2728 319 2771 ignaui
377 2728 443 2762 546
467 2728 589 2772 Atque
612 2727 671 2762 hic
692 2726 721 2761 Ο
776 2726 978 2763 frustantur
996 2728 1032 2762 B
1057 2729 1283 2764 frustrantur
1299 2729 1328 2764 Ο
1383 2729 1449 2763 547
1473 2739 1588 2772 aeque
1613 2738 1679 2763 om.

194 2786 259 2818 550
284 2784 334 2818 Et
359 2794 423 2818 om⁴
