1897 3171
781 200 824 235 V.
855 203 973 235 1—11.
1540 208 1618 245 461

131 332 274 383 Amph.
310 333 416 370 1002
449 334 488 368 et
517 330 620 368 infra
654 331 751 377 110,
800 331 866 379 qui
905 344 1040 368 versus
1080 332 1234 384 prologi
1265 334 1450 382 scriptori
1483 333 1621 370 obver-

133 404 241 439 satus
273 404 344 438 est.
377 419 432 424 --
471 400 599 445 2—3‚
631 397 880 447 parenthesis
912 398 1033 436 fuisse
1058 400 1215 437 videtur
1241 400 1427 450 frigidum
1453 402 1621 450 aliquem

130 471 256 507 iocum
287 468 442 519 prologi
472 468 693 512 continens3
742 466 811 503 sed
841 463 914 504 Illi
944 472 1172 517 corruptum
1205 474 1275 515 est,
1318 483 1406 506 nam
1437 471 1518 506 sive
1549 483 1621 519 pro

131 536 317 576 adverbio
347 536 490 585 capias,
521 538 614 585 post
642 531 718 583 hic,
750 535 831 572 sive
860 548 932 584 pro
964 537 1209 584 pronomine,
1243 541 1334 575 ante
1365 534 1408 575 he*
1438 539 1622 575 vitiosum

132 607 193 643 sit.
262 605 343 642 FL:
395 603 554 652 „Uincti
591 604 684 653 quia
724 601 878 640 astant“
932 604 1030 641 coni.
1072 623 1128 628 —
1176 605 1211 641 3.
1256 601 1348 644 HOC
1394 606 1623 644 emendator

131 672 275 710 codicis
308 672 359 719 B;
406 673 525 709 ceteri
570 671 673 718 „Vos
714 668 853 721 quos“.
892 691 947 695 —
991 674 1025 709 5.
1073 682 1147 709 8αο
1180 668 1272 719 Sibi,
1313 687 1347 711 v.
1392 674 1441 710 ad
1479 675 1621 725 Amph.

132 742 226 780 265.
257 760 312 765 —
343 749 510 788 operam
541 737 661 786 datis,
695 740 742 776 cf.
772 740 835 777 54.
870 740 963 777 612.
1019 740 1129 777 Asin.
1162 741 1223 778 14.
1258 741 1337 778 446
1371 755 1456 779 cum
1489 748 1621 781 annot.

130 809 239 847 Trin.
260 812 294 847 5.
340 808 425 846 Mil.
445 808 544 845 774:
583 809 786 858 „purgatis
811 808 924 845 ambo
952 807 1089 844 damus
1120 809 1196 846 tibi
1227 822 1387 858 operam
1420 809 1621 849 aui-ibus“.

132 879 182 916 al.
213 897 271 902 —
309 878 346 914 8.
386 872 577 914 Alterum
609 889 694 913 cum
725 889 896 926 syncope
927 877 1266 925 pronuntiandum
1296 878 1475 926 videtur,
1518 880 1622 917 Prol.

130 959 168 996 p.
203 946 296 983 211.
358 941 527 993 surpuit
555 947 661 991 item,
694 943 796 981 Prol.
829 957 868 993 p.
902 946 994 991 210,
1029 945 1074 982 cf.
1107 945 1209 983 infra
1243 947 1335 983 754.
1368 966 1422 970 —
1456 948 1491 984 9.
1524 959 1623 986 uen-

131 1011 238 1052 didit
280 1013 462 1050 ultimam
507 1012 709 1062 producit,
756 1026 792 1050 v.
833 1013 938 1051 Prol.
979 1027 1017 1063 p.
1063 1014 1154 1050 196.
1235 1010 1349 1062 Alis,
1396 1015 1420 1052 i.
1455 1029 1486 1053 e.
1528 1016 1622 1063 Elis,

129 1081 275 1119 Dorica
311 1081 456 1127 forma,
503 1082 543 1117 in
581 1081 651 1117 hac
690 1080 822 1118 fabula
861 1084 1106 1128 constanter,
1155 1081 1202 1118 cf.
1246 1083 1296 1119 24
1338 1096 1423 1132 sqq.
1464 1103 1518 1108 —
1561 1086 1622 1123 10.

129 1150 227 1188 Post
263 1146 381 1198 patri
416 1148 569 1195 hiatus,
616 1162 652 1187 v.
685 1148 788 1186 Prol.
828 1162 866 1198 p.
902 1151 994 1187 219.
1066 1148 1263 1200 Geppert:
1314 1151 1464 1196 „Huius
1507 1154 1623 1201 patri.

130 1217 264 1255 Iamne
294 1217 368 1255 hoc
398 1215 599 1254 tenetis‘?“
645 1218 736 1266 quia
773 1216 952 1264 „Iamne“
990 1218 1042 1254 sic
1074 1217 1192 1256 Poen.
1222 1219 1312 1256 116.
1360 1220 1502 1270 Amph.
1530 1222 1624 1268 481,

130 1285 200 1323 sed
229 1285 320 1323 inde
350 1298 428 1322 non
459 1286 638 1335 sequitur
668 1286 943 1333 interrogandi
965 1286 1202 1336 particulam
1227 1300 1381 1337 semper
1404 1290 1624 1337 ponendam

131 1367 235 1401 esse,
278 1367 314 1391 v.
347 1353 397 1390 ad
427 1353 569 1403 Amph.
604 1355 697 1391 718.
739 1373 794 1378 —-
838 1349 1060 1402 optumam
1100 1356 1172 1393 est.
1241 1355 1490 1405 Spectatores
1523 1359 1626 1395 enim

129 1426 230 1460 nutu
260 1421 550 1471 significarunt,
598 1436 636 1459 se
676 1422 775 1459 illud
814 1426 962 1461 tenere.
1024 1423 1133 1462 Unus
1165 1427 1296 1460 tamen
1329 1438 1374 1461 ex
1405 1426 1555 1462 ultimis
1588 1430 1625 1462 et

129 1490 400 1528 remotissimis
430 1491 562 1527 renuit
585 1490 647 1527 vel
672 1492 791 1528 etiam
816 1505 910 1529 voce
936 1491 1151 1542 obstrepit3
1184 1493 1334 1530 scilicet
1356 1506 1496 1543 parum
1523 1494 1625 1531 clare

130 1558 294 1596 audivit.
355 1557 455 1595 Eum
492 1558 635 1596 histrio
675 1558 784 1595 abire
824 1559 935 1596 iubet
974 1562 1107 1609 potius
1147 1574 1263 1609 quam
1296 1574 1335 1597 se
1367 1562 1422 1598 ita
1455 1561 1625 1598 clamare

130 1630 254 1676 cogat,
287 1630 331 1663 ut
357 1630 563 1676 rumpatur
594 1630 633 1664 et
663 1639 757 1664 voce
788 1627 915 1664 fracta
947 1628 1161 1665 mendicari
1187 1632 1371 1677 cogatur3
1404 1629 1498 1678 quid
1523 1631 1625 1667 enim

129 1695 239 1733 aliud
269 1695 398 1732 facere
428 1698 561 1745 potest
590 1695 732 1732 histrio
763 1709 858 1733 voce
900 1695 1070 1733 amissa?
1131 1697 1270 1746 Itaque
1301 1697 1362 1734 hic
1395 1697 1442 1733 de
1474 1701 1625 1747 specta-

128 1767 216 1801 tore
247 1763 414 1800 molesto
445 1763 549 1800 idem
581 1765 780 1813 queritur,
824 1764 930 1814 quod
960 1765 1148 1814 prologus
1180 1764 1448 1812 Phormionis,
1488 1779 1524 1803 v.
1562 1767 1623 1813 18,

131 1832 179 1869 de
210 1837 332 1882 poeta
362 1832 554 1869 ma1evolo
587 1832 813 1869 Terentium
846 1834 1092 1880 exagitante:
1146 1833 1240 1879 „Ille
1272 1832 1321 1870 ad
1351 1834 1493 1870 famem
1525 1834 1626 1872 huuc

131 1901 180 1939 ab
220 1900 351 1938 studio
391 1899 544 1937 studuit
582 1897 777 1947 reicere“;
825 1914 992 1950 eumque
1040 1901 1223 1938 similiter
1261 1901 1477 1950 alloquitur
1508 1906 1625 1952 atque

130 1967 294 2006 Plautus
332 1967 416 2006 Mil.
451 1969 499 2006 81
542 1981 619 2017 sq.:
681 1968 779 2015 „Qui
820 1973 950 2006 autem
996 1970 1217 2006 auscultare
1263 1969 1391 2016 nolet,
1441 1974 1626 2020 exsurgat

130 2036 256 2083 foras,
298 2035 352 2074 Ut
383 2038 435 2073 sit
464 2036 534 2073 ubi
565 2036 700 2073 sedeat
731 2037 818 2083 ille,
858 2037 926 2086 qui
957 2037 1176 2074 auscultare
1208 2035 1333 2075 uolt“.
1395 2038 1479 2076 Hoc
1511 2039 1625 2076 intel-

129 2103 233 2141 lecto
270 2104 473 2145 Bentleius
518 2105 568 2142 ad
615 2105 702 2142 Ter.
751 2105 893 2143 Heaut.
933 2105 1033 2155 prol.
1076 2107 1123 2142 31
1176 2104 1417 2153 „discedito“
1468 2107 1624 2156 scripsit

130 2185 205 2223 pro
248 2169 440 2220 accedito,
488 2173 592 2222 quod
633 2172 746 2210 codd.
793 2173 991 2223 praebent3
1039 2174 1193 2211 facilius
1239 2174 1355 2212 Both.
1404 2171 1625 2213 abscedito.

131 2240 372 2278 Ritschelius
412 2241 572 2290 quidem
610 2242 650 2278 in
682 2241 841 2289 Parerg.
875 2256 913 2291 p.
950 2243 1029 2279 222
1071 2242 1249 2280 codicum
1288 2244 1522 2292 scripturam
1563 2243 1626 2280 de-

130 2308 293 2346 fendere
324 2313 508 2356 conatur,
555 2309 814 2359 ultimumque
853 2310 964 2347 illum
1003 2314 1120 2359 putat
1151 2311 1198 2348 ab
1231 2311 1424 2348 histrione
1464 2312 1626 2347 invitari

88 2426 90 2428 ,
131 2380 175 2414 ut
215 2377 379 2426 propius
419 2377 600 2424 accedat,
648 2390 737 2414 nam
775 2379 808 2415 si
848 2377 1012 2415 sedendi
1053 2378 1161 2416 locus
1200 2391 1276 2415 non
1308 2380 1378 2425 sit,
1425 2380 1627 2416 tamenin

131 2446 411 2495 praecinctione
441 2445 588 2482 theatri
618 2448 724 2482 stare
757 2432 842 2482 eum
874 2460 1011 2496 posse;
1045 2446 1185 2496 quibus
1209 2450 1314 2483 recte
1340 2445 1476 2483 obiicit
1502 2446 1626 2483 Ekius

134 2510 311 2562 (quicum
358 2513 552 2550 consentit
589 2512 773 2563 Spengel.
813 2513 954 2553 Philol.
994 2514 1142 2561 XXIV,
1184 2528 1223 2564 p.
1260 2510 1375 2562 175):
1428 2514 1483 2559 „si
1528 2513 1628 2551 nihil

133 2579 242 2618 aliud
273 2593 391 2629 quam
423 2581 667 2619 clamandum
699 2586 738 2619 et
769 2582 1022 2632 strependum
1054 2583 1148 2629 fuit,
1180 2585 1225 2619 ut
1256 2581 1434 2631 popello,
1468 2583 1536 2630 qui
1567 2595 1627 2618 re-

133 2649 347 2686 motissime
378 2653 486 2686 stans
516 2649 741 2698 spectabat,
781 2651 821 2687 in
860 2651 1008 2698 gradus
1047 2663 1171 2688 scenae
1201 2650 1405 2699 propiores
1445 2649 1626 2686 accedere

133 2716 282 2764 liceret,
315 2718 403 2766 quis
434 2730 514 2755 non
545 2715 782 2755 clamaret?“
841 2718 905 2766 Et,
939 2718 1047 2768 quod
1076 2718 1351 2766 gravissimum
1384 2722 1452 2763 est,
1487 2713 1627 2755 ambu-

133 2780 220 2823 lare
250 2797 328 2822 non
356 2789 461 2823 stare
492 2784 705 2834 significat,
745 2785 814 2823 sed
844 2786 972 2833 abire,
1012 2799 1048 2823 v.
1085 2785 1134 2822 ad
1163 2786 1273 2823 Asin.
1311 2786 1386 2822 107
1422 2783 1533 2832 (locis
1566 2784 1627 2822 ibi
