1897 3171
280 180 363 218 564
940 174 1122 210 Curculio.

279 303 403 350 esse“‚
431 308 497 341 aut
521 303 680 356 „mage‘'
703 304 847 342 scribat
874 308 941 341 aut
965 304 1098 342 ..eum“
1126 319 1199 355 pro
1229 303 1375 351 ..esse“.
1432 305 1584 343 Deinde
1611 312 1775 357 apparet

278 374 447 422 primam
471 386 607 410 versus
631 373 786 410 literam
804 372 840 409 H
863 386 957 419 esse,
990 377 1210 422 praesertim
1237 386 1356 422 quum
1381 374 1487 423 apud
1504 374 1675 412 Nonium
1702 377 1772 414 sub

278 440 351 477 hae
384 441 518 478 littera
547 441 720 490 legatum
754 454 823 478 nec
855 441 970 477 aliter
1001 441 1104 490 apud
1129 440 1300 478 Festum.
1369 441 1458 478 Nou
1490 444 1771 482 animadvertit

280 509 476 555 librarius,
510 512 551 547 in
579 509 792 558 archetypo
816 508 929 545 huius
956 509 1100 546 litterae
1125 509 1290 546 formam
1317 510 1351 546 Κ
1377 510 1508 556 fuisse,
1535 524 1620 560 quae
1639 513 1774 549 etiam-

279 591 381 614 nunc
414 579 454 614 iu
484 577 742 627 palimpsesto
773 577 1034 614 Ambrosiano
1066 578 1276 615 invenitur.
1331 577 1444 624 Quod
1477 578 1526 614 ad
1555 581 1635 616 vim
1666 581 1774 618 vocis

282 646 435 691 attinet,
468 645 609 682 Festus
637 658 794 694 quoque
818 645 1045 682 mendacem
1066 646 1274 692 intellexit,
1309 646 1415 696 Epit.
1433 660 1472 696 p.
1496 647 1592 684 lOl:
1632 647 1774 693 „Hala-

281 716 405 762 panta
422 712 617 760 significat
644 715 772 750 omnia
797 714 1064 759 mentientem‚
1092 713 1138 750 ab
1167 727 1211 751 eo
1239 713 1342 762 quod
1367 714 1475 751 halet
1493 715 1635 752 omnia.
1675 716 1776 761 Ἅλην

280 782 382 817 enim
414 779 541 818 Graeci
578 782 638 826 τὴν
678 779 810 827 (scrib.
842 780 918 828 τὸν)
959 782 1113 826 πλάνην.
1160 783 1185 819 i.
1220 795 1253 820 e.
1286 782 1489 819 fallentem
1529 782 1773 832 appellant“.

281 848 374 894 Quae
407 862 522 898 quam
553 851 760 899 nugatoria
788 851 879 895 sint,
913 851 1106 886 neminem
1132 850 1245 887 fallit.
1302 851 1577 888 Recentiorum
1603 851 1776 902 Scaliger

283 917 428 966 aliique
469 917 518 954 ad
555 919 614 963 τὴν
653 919 720 953 ἅλα
759 918 978 955 retulerunt
1026 923 1063 955 et
1111 919 1267 956 nautico
1314 920 1394 955 sive
1440 920 1592 957 marino
1638 920 1776 959 habitu

283 985 518 1022 instructum
551 984 765 1034 significari
796 990 1007 1034 putarunt;
1041 1000 1176 1024 verum
1207 987 1405 1036 parasitus
1438 1000 1515 1024 non
1546 993 1675 1026 nautae
1707 989 1775 1026 sed

281 1053 416 1089 militis
457 1062 523 1090 aut
566 1053 708 1090 caculae
748 1067 956 1103 personum
988 1055 1192 1100 induerat,
1241 1068 1309 1091 nec
1352 1068 1458 1092 mare
1497 1069 1570 1105 pro
1617 1058 1774 1095 nautico

279 1120 414 1158 habitu
447 1120 522 1158 dici
562 1121 712 1159 debuit.
790 1122 872 1160 Hoc
917 1128 1046 1160 tamen
1085 1129 1189 1160 recte
1230 1123 1376 1160 vidisse
1417 1123 1621 1170 videntur,
1669 1138 1776 1162 men·

280 1188 416 1225 dacem
442 1202 520 1226 non
545 1190 767 1239 significari.
815 1190 858 1227 In
885 1191 1021 1237 altero7
1050 1205 1166 1241 quem
1193 1191 1343 1229 Nonius
1370 1191 1496 1238 affert,
1530 1193 1616 1230 loco
1645 1207 1776 1232 errare

282 1270 369 1294 eum
417 1257 609 1304 arbitror3
657 1272 788 1296 vocem
828 1272 850 1296 a
888 1259 1030 1297 Plauto
1074 1258 1207 1296 fictam
1247 1260 1319 1297 hoc
1358 1274 1436 1297 uno
1475 1260 1558 1297 loco
1597 1263 1776 1300 extitisse

281 1325 399 1362 credo
432 1330 469 1362 et
503 1326 551 1362 ad
590 1328 761 1376 speciem
804 1340 981 1376 personae
1022 1329 1200 1365 exeuntis
1240 1327 1484 1365 referendam
1527 1341 1625 1367 esse.
1685 1331 1776 1369 Via-

281 1398 406 1431 torem
454 1401 583 1431 autem
631 1408 677 1431 ex
717 1396 927 1444 peregrino
968 1397 1186 1433 venientem
1227 1409 1409 1433 causeam
1449 1398 1577 1446 capite
1621 1404 1776 1448 gestare

282 1462 551 1499 conveniebat.
613 1462 725 1500 Hanc
756 1476 840 1500 cum
867 1463 972 1510 orbe,
1006 1465 1072 1513 qui
1103 1464 1204 1501 lunae
1239 1464 1406 1514 aliisque
1430 1465 1552 1502 stellis
1577 1467 1777 1505 interdum

281 1529 626 1575 circumfunditur,
675 1532 937 1580 comparavit,
980 1545 1094 1581 quem
1127 1532 1253 1570 Graeci
1292 1534 1351 1578 τὴν
1383 1534 1455 1569 ἅλω
1489 1533 1692 1582 dicebant,
1739 1549 1774 1574 v.

279 1598 447 1635 Aristot.
491 1598 538 1635 de
576 1598 726 1636 Mundo
767 1600 812 1636 4:
862 1600 967 1641 Ἅλως
1013 1601 1107 1636 ἐστὶν
1153 1600 1307 1648 ἔμφασις
1351 1603 1599 1651 λαμπρότητος
1645 1603 1778 1653 ἄστρου

282 1666 677 1716 περιάυγος·διαᾳέρει
711 1667 747 1703 δὲ
780 1668 900 1717 ἴριδος,
933 1670 982 1704 ὅτι
1020 1669 1035 1714 ἡ
1065 1671 1129 1716 μὲν
1159 1666 1227 1718 ἶρις
1258 1672 1455 1712 ἐξεναντίας
1486 1673 1646 1716 φαίνεται
1680 1673 1778 1717 ἡλίου

280 1748 314 1769 τε
343 1734 398 1770 καῖ
426 1736 581 1780 σελήνης,
616 1736 631 1780 ἶ,
656 1735 691 1771 δὲ
718 1737 809 1778 ἅλω,-
841 1738 954 1785 κύκλῳ
986 1740 1118 1779 παντὸς
1150 1737 1293 1786 ἄστρου.
1347 1740 1458 1775 Arat.
1484 1738 1655 1777 Diosem.
1676 1741 1775 1778 209:

280 1804 376 1847 ἧκιιί
401 1819 472 1839 ‘nov
496 1803 546 1844 1),—
569 1804 667 1839 ἅλωα
689 1807 942 1852 μελαινομένην
966 1806 1035 1851 ἔχει
1063 1805 1186 1854 ἀστήρ.
1250 1805 1425 1854 AEschyl.
1445 1806 1671 1856 Septt489:
1706 1810 1778 1846 ἅλω

281 1871 315 1906 δὲ
350 1872 499 1914 nomm,
546 1871 699 1914 ἀσπίδος
731 1874 856 1910 κύκλον
887 1876 990 1923 λέγω.
1061 1874 1219 1911 Graecus
1258 1875 1379 1922 igitur
1419 1881 1538 1924 poeta
1569 1877 1779 1924 ἁλωφάντην

283 1952 369 1975 eum
397 1939 516 1985 ‹lixit3
549 1940 616 1976 sed
644 1940 755 1987 dixit,
787 1946 831 1978 ut
856 1941 927 1979 hoc
945 1942 1121 1987 adderet,
1156 1956 1241 1979 eum
1266 1944 1412 1980 rectius
1438 1946 1661 1991 συκοφάντην
1688 1945 1777 1984 dici.

280 2006 324 2044 In
352 2008 502 2043 senario
520 2007 590 2044 hoc
607 2021 690 2046 voc.
710 2009 844 2047 Graece
861 2011 1051 2060 scriptum
1077 2011 1195 2047 fuisse
1217 2010 1333 2047 credo
1350 2016 1393 2048 ut
1411 2012 1514 2060 apud
1533 2013 1775 2062 AEschylum,

280 2074 443 2112 Plautus
475 2078 517 2112 in
550 2078 817 2126 septenarium
851 2078 952 2115 idem
987 2078 1174 2125 traduxit,
1209 2078 1461 2128 Graecamque
1493 2082 1778 2129 pronuntiandi

279 2143 474 2179 rationem
492 2144 574 2180 sive
591 2146 777 2193 ignorans
804 2149 887 2183 sive
912 2158 990 2182 non
1015 2159 1153 2183 curans
1178 2148 1345 2197 primam
1363 2148 1552 2197 syllabam
1575 2150 1776 2199 produxit,

281 2210 329 2248 cf.
348 2210 500 2261 Proleg.
518 2225 556 2261 p.
578 2213 657 2249 208
676 2218 713 2250 et
730 2214 883 2263 praefat.
902 2213 1018 2251 huius
1039 2215 1260 2252 voluminis.
1300 2215 1359 2252 Fl.
1381 2216 1774 2267 ‚,Halophantamne“

281 2278 341 2316 ed.
374 2298 430 2303 --
468 2279 562 2317 463.
614 2275 886 2328 ornamenta,
935 2295 969 2319 v.
1003 2282 1052 2319 ad
1089 2283 1231 2332 Amph.
1267 2285 1330 2321 85.
1401 2284 1492 2321 Haec
1531 2291 1691 2323 veretur
1731 2300 1778 2324 ne

280 2348 484 2397 parasitus
529 2347 635 2385 furto
683 2350 932 2387 intervertat.
1009 2351 1056 2387 ut
1097 2364 1169 2400 pro
1215 2348 1346 2398 haud,
1395 2352 1500 2402 quod
1541 2357 1630 2392 cett.
1664 2354 1775 2392 codd.

279 2415 472 2465 praebent,
509 2416 601 2453 olim
633 2417 893 2454 emendatum.

397 2483 477 2520 466
510 2496 566 2533 sq.
617 2484 818 2535 Choragus
857 2485 1032 2523 homines
1064 2488 1104 2523 in
1135 2489 1256 2526 variis
1287 2488 1364 2526 fori
1395 2490 1577 2538 partibus
1609 2494 1647 2528 et
1677 2493 1776 2540 regi-

282 2550 423 2588 onibus
464 2552 498 2588 ei
537 2551 732 2590 adiunctis
773 2558 973 2591 versantes
1016 2554 1205 2593 describit
1246 2569 1392 2594 morem
1422 2557 1687 2595 Romanorum
1718 2572 1776 2595 se·

282 2625 416 2665 cutus,
465 2621 533 2669 qui
571 2620 703 2670 aliqua
742 2622 881 2659 saltem
919 2635 1054 2659 eorum
1087 2636 1231 2672 genera
1261 2625 1342 2662 suis
1373 2625 1592 2662 nominibus
1623 2627 1775 2675 signare

281 2686 476 2733 solebant,
505 2688 614 2725 velut
647 2688 804 2726 Coelius
835 2691 876 2726 in
906 2689 980 2740 Ep.
1008 2690 1060 2727 ad
1091 2690 1316 2729 Ciceronem
1348 2692 1451 2739 VIII,
1488 2694 1521 2739 1„
1554 2694 1578 2729 4
1615 2694 1778 2739 „subro-

283 2752 462 2792 stranos“
492 2765 782 2804 commemorat,
811 2759 846 2804 9,
876 2760 895 2795 5
929 2757 1255 2805 „columnarios“,
1282 2761 1305 2797 i.
1336 2775 1367 2798 e.
1387 2762 1455 2809 qui
1481 2760 1531 2797 ad
1555 2761 1776 2800 columnam
