1854 3188
85 205 145 250 Π,
157 207 190 250 4,
204 207 338 241 24-—42
733 202 802 236 Aul
809 202 932 235 ularia.

720 328 948 382 Congrio

92 401 206 445 Cur?

700 472 979 514 Strobilus

260 548 324 589 Ne
356 547 459 601 quid
491 546 661 587 animae
693 545 806 587 forte
838 544 1013 585 amittat
1045 543 1275 585 dormiens.

721 615 950 669 Congrio

91 692 291 733 Etiamne
323 690 501 732 obturat
530 689 778 731 inferiorem
809 692 1040 742 gutturem‚

90 763 157 804 Ne
189 777 232 805 ea
265 763 369 817 quid
400 763 570 803 animae
600 761 712 803 forte
744 761 917 802 amittat
949 759 1193 801 dormiens?

700 832 980 875 Strobilus

95 906 165 948 Sic
195 907 300 948 mihi
330 910 373 947 te
405 910 455 948 ut
484 906 565 947 tibi
595 919 662 947 me
695 908 933 957 aequomst,
966 903 1106 956 credo,
1140 903 1326 946 credere.

332 1030 336 1035 Ι
726 976 956 1028 Congrio

93 1051 228 1093 Immo
261 1050 461 1105 equidem
493 1049 635 1091 credo.

705 1120 982 1162 Strobilus

709 1194 765 1234 At
797 1193 886 1235 sein
920 1193 1064 1244 etiam,
1098 1206 1181 1245 quo
1213 1194 1370 1236 modo‘?

95 1269 266 1322 Aquam
296 1266 440 1308 hercle
472 1265 629 1321 plorat,
662 1279 792 1319 quom
822 1265 954 1315 lauat,
985 1264 1259 1318 profundere.

726 1337 957 1390 Congrio

100 1411 269 1455 Censen
299 1411 512 1454 talentum
543 1424 744 1464 magnum
777 1409 947 1450 exorari
977 1413 1079 1463 pote

95 1485 162 1527 Ab
192 1485 303 1526 istoc
334 1498 435 1526 sene
465 1487 515 1525 ut
546 1483 632 1534 det,
666 1483 738 1536 qui
769 1481 918 1533 fiamus
951 1480 1103 1523 liberi?

707 1554 978 1596 Strobilus

96 1629 274 1671 Famem
304 1627 448 1670 hercle
478 1627 686 1670 utendam
717 1627 751 1668 si
784 1641 922 1680 roges,
953 1627 1355 1680 numquam‘dabit.

99 1700 211 1751 Quin
242 1701 325 1755 ipsi
356 1700 525 1754 pridem
554 1704 706 1741 tonsor
737 1700 893 1752 unguis
927 1698 1195 1752 dempserat3

101 1772 285 1827 Collegit
316 1772 471 1823 omnia,
505 1772 701 1822 abstulit,
734 1771 1048 1825 praesegmina.

722 1843 966 1884 Anthrax

99 1918 267 1973 Edepol
297 1917 526 1960 mortalem
556 1930 689 1971 parce
719 1929 900 1970 parcum
932 1915 1172 1969 praedicas.

708 1988 983 2030 Strobilus

101 2062 267 2104 Censen
297 2076 409 2113 vero,
442 2061 551 2103 adeo
585 2075 681 2102 eum
713 2074 841 2114 parce
874 2065 917 2101 et
948 2060 1104 2101 misere
1136 2059 1311 2101 uiuere‘.>

97 2135 373 2176 Pulmentum
405 2134 573 2188 pridem
605 2134 644 2174 ei
676 2133 836 2186 eripuit
867 2132 1038 2173 miluus.

99 2207 238 2249 Homo
271 2207 325 2248 ad
357 2210 602 2260 praetorem
634 2204 933 2259 plorabundus
966 2203 1163 2257 deuenit3

99 2278 200 2321 Infit
230 2279 292 2320 ibi
323 2278 546 2332 postulare
576 2278 752 2331 plorans
785 2277 966 2328 eiulans,

101 2352 161 2394 Ut
191 2351 273 2393 sibi
303 2351 455 2393 liceret
485 2350 666 2391 miluum
696 2349 911 2390 uadarier.
950 2362 952 2365 ·

103 2423 308 2465 Sescenta
339 2426 449 2473 sunt,
483 2436 593 2476 quae
624 2435 869 2472 memorem,
904 2421 939 2462 si
972 2421 1028 2462 sit
1059 2421 1205 2462 otium.

102 2495 186 2538 Sed
217 2499 315 2537 uter
345 2498 637 2536 uostrorumst
668 2493 858 2545 celerior,
889 2507 1083 2535 memora
1113 2493 1230 2534 mihi.

1524 203 1577 242 23

1516 556 1581 592 295

1522 1281 1588 1314 300

1523 1785 1591 1818 305

1528 2287 1594 2319 310

194 2683 260 2716 297
286 2693 327 2716 ea
353 2691 419 2715 om.
537 2681 603 2714 298
633 2679 709 2715 Neo
827 2680 981 2714 credere
1006 2678 1115 2713 oredo
1232 2679 1299 2712 300
1322 2677 1447 2721 plorat
1470 2675 1594 2709 hercle

102 2740 167 2773 301
191 2740 315 2783 potest
456 2738 521 2771 307
547 2737 638 2771 adeo
665 2747 741 2771 esse
767 2748 920 2781 parcum
1065 2737 1132 2770 308
1159 2733 1309 2769 COCUS
1329 2733 1592 2776 praescribitur.

100 2796 169 2830 309
194 2794 395 2840 plorandus
489 2795 555 2828 310
582 2793 695 2828 eiulas
