1897 3171
253 184 330 223 372
886 180 1098 216 Bacchides.

249 310 521 357 grammaticos
575 311 686 357 quasi
737 310 901 357 triginta
945 308 1161 347 afferuntur
1205 323 1341 347 versus
1386 324 1433 347 ex
1477 311 1735 349 Bacchidibus

249 377 396 422 Plauti,
445 378 511 425 qui
556 379 596 413 in
636 377 707 414 hac
737 377 878 414 fabula
915 377 1030 414 hodie
1070 391 1148 415 non
1187 378 1379 426 leguntur.
1452 378 1554 424 Quos
1586 382 1653 428 qui
1686 380 1736 416 ad

249 444 412 481 alteram
444 444 637 493 quandam
672 445 842 482 eiusdem
875 447 1041 483 nominis
1073 446 1243 482 fabulam
1268 446 1411 482 referre
1435 446 1658 484 maluerunt
1684 467 1732 472 -—

247 526 295 549 ne
320 512 511 549 Weisium
536 526 846 560 commemorem,
880 514 946 562 qui
972 527 1019 550 ex
1044 514 1213 562 genuina
1236 513 1368 550 fabula
1394 514 1463 550 illa
1487 514 1569 551 sola
1595 515 1735 552 relicta

249 593 332 616 esse
360 584 501 627 censet,
535 594 633 627 eam,
668 595 783 630 quam
815 586 1023 618 servarunt
1052 581 1215 627 codices,
1249 582 1418 629 spuriam
1452 582 1735 620 arbitratur—

247 648 276 684 ii
308 662 376 685 cur
407 652 557 686 remota
586 651 788 698 proximis,
831 651 965 698 ignota
996 650 1112 685 certis
1143 649 1367 698 praeferant,
1400 649 1560 688 difficile
1590 652 1735 688 intelli-

248 718 372 763 gitur3
419 730 508 753 nam
546 717 661 754 huius
702 717 860 767 quidem
899 717 1041 754 fabulae
1072 718 1307 766 principium
1340 717 1555 755 desiderari
1587 723 1733 756 certum

248 788 324 829 cst,
372 783 579 833 Rostiique
619 787 658 822 in
698 786 769 822 hac
815 798 856 821 re
902 799 1075 822 errorem
1121 785 1214 821 satis
1260 785 1446 822 refutavit,
1483 785 1732 833 Ritschelius,

247 852 407 900 Parerg.
440 866 478 901 p.
512 854 591 889 412
625 867 711 902 sqq.
773 853 1100 900 Fragmentorum
1132 856 1262 889 autem
1295 857 1427 890 tantus
1458 867 1643 891 numerus
1676 859 1733 891 est

247 924 284 956 et
315 924 428 956 tanta
460 934 707 957 numerorum
739 923 927 967 varietas,
974 926 1018 957 ut
1050 934 1127 958 non
1159 923 1273 958 unius
1305 934 1429 958 scenae
1470 923 1627 958 initium
1667 923 1734 959 sed

246 988 378 1036 plures
419 1002 550 1025 scenas
589 989 835 1026 intercidisse
881 993 1090 1038 appareat,
1138 1002 1208 1026 nec
1245 991 1277 1026 si
1317 990 1404 1038 quis
1443 990 1505 1025 vel
1546 989 1734 1028 ducentos

246 1068 380 1092 versus
411 1057 559 1104 perisse
591 1061 759 1103 censeat,
792 1057 993 1103 habemus,
1027 1057 1133 1105 quod
1164 1058 1405 1094 obiiciamus.

360 1113 614 1171 Ritschelius‚
672 1125 970 1173 diligentissime
1027 1127 1258 1162 examinatis
1304 1125 1551 1173 fragmentis,
1601 1139 1733 1163 eorum

247 1205 401 1228 sensum
434 1198 471 1228 et
504 1193 679 1229 ordinem
711 1194 949 1230 constituere
982 1197 1144 1230 conatus
1177 1198 1246 1240 est,
1279 1194 1357 1231 vid.
1390 1193 1490 1231 Mus.
1524 1194 1648 1232 Rhen.
1681 1195 1732 1231 IV

249 1258 391 1306 (1846)
425 1274 462 1309 p.
498 1262 574 1297 567
608 1274 706 1310 sqq.,
741 1261 882 1311 Opusc.
914 1261 970 1307 II,
1013 1275 1050 1311 p.
1085 1263 1163 1298 292
1197 1275 1300 1310 sqq.,
1342 1276 1384 1298 ac
1423 1262 1544 1299 multa
1576 1263 1732 1311 quidem

245 1329 438 1376 sagaciter
468 1330 633 1374 invenit,
673 1330 713 1366 in
745 1343 819 1366 non
852 1329 969 1366 nullis
1001 1332 1084 1366 sine
1116 1329 1234 1366 dubio
1268 1332 1426 1367 erravit.
1488 1330 1597 1375 Quod
1632 1332 1729 1367 enim

245 1396 381 1443 fragm.
400 1395 438 1432 II
465 1393 557 1444 (vss.
578 1396 732 1444 8—10)
760 1397 983 1435 Cleomachi
1016 1397 1133 1434 verba
1165 1410 1246 1433 esse
1279 1401 1394 1446 putat
1424 1397 1473 1434 ad
1499 1398 1731 1435 Bacchidem

245 1463 412 1500 Samiam
453 1465 574 1511 dicta,
622 1466 661 1502 id
704 1467 787 1502 sine
827 1467 936 1513 gravi
982 1465 1286 1514 interpolatione
1326 1465 1426 1502 effici
1465 1479 1542 1503 non
1588 1470 1730 1515 potest.

245 1532 364 1568 Immo
397 1533 534 1569 militis
566 1534 604 1569 in
636 1535 829 1583 principio
859 1533 1000 1570 fabulae
1033 1533 1148 1569 nullae
1178 1537 1310 1582 partes
1341 1534 1519 1579 fuerunt,
1567 1547 1636 1570 nec
1674 1535 1732 1571 illi

242 1613 378 1637 versus
421 1600 469 1637 ad
509 1600 761 1646 Bacchidem,
809 1601 874 1637 sed
917 1601 966 1637 ad
1005 1614 1133 1638 senem
1177 1601 1347 1650 aliquem
1390 1597 1533 1650 („istac
1573 1601 1734 1648 aetate‘ )

244 1668 346 1704 (licta
380 1673 492 1714 sunt,
526 1670 557 1704 is
589 1672 719 1705 autem
752 1682 822 1705 nec
853 1669 1067 1707 Nicobulus
1098 1683 1167 1706 nec
1198 1669 1437 1706 Philoxenus
1469 1683 1552 1706 esse
1582 1674 1733 1719 pot-est3

246 1737 323 1772 alia
346 1749 514 1785 persona
537 1737 655 1773 fuerit
688 1750 841 1773 necesse
874 1741 943 1783 est,
977 1750 1061 1786 quae
1094 1739 1133 1774 in
1164 1737 1316 1790 reliqua
1346 1737 1478 1774 fabula
1509 1750 1584 1774 non
1616 1738 1734 1787 prod-

245 1808 318 1841 eat.
365 1804 444 1841 Nec
470 1805 547 1841 alia
572 1804 711 1842 desunt
739 1805 853 1842 huius
884 1818 1063 1854 personae
1094 1806 1274 1852 vestigia.
1321 1805 1421 1842 Nam
1453 1818 1538 1853 quae
1571 1807 1735 1855 antiqua

244 1871 318 1908 fuit
350 1886 608 1921 personarum
641 1872 984 1920 significandarum
1016 1874 1129 1918 ratio,
1164 1886 1279 1922 quam
1311 1874 1350 1909 in
1382 1873 1562 1921 Prolegg.
1588 1887 1625 1922 p.
1657 1875 1731 1911 158

243 1943 653 1986 commemoravimus,
686 1946 727 1977 ut
761 1940 905 1978 Graecis
938 1942 1082 1977 litteris
1114 1942 1385 1988 signarentur,
1419 1954 1502 1977 eam
1534 1943 1574 1977 in
1605 1943 1732 1991 prima

242 2020 355 2043 scena
386 2008 509 2045 codex
534 2008 564 2044 B
597 2012 652 2045 ita
685 2010 867 2054 servavit,
901 2016 944 2045 ut
967 2009 1128 2045 Bacchis
1154 2010 1284 2045 Attica
1310 2009 1355 2054 A,
1389 2008 1515 2046 Samia
1534 2009 1566 2046 E
1597 2010 1733 2047 inscri-

243 2075 424 2121 beretur,
472 2075 711 2113 Pistoclerus
753 2081 880 2113 autem
924 2076 957 2113 G
1006 2076 1057 2122 (v,
1100 2077 1247 2114 Ritsch.
1281 2076 1329 2112 ad
1361 2090 1396 2114 v,
1439 2075 1517 2122 39),
1565 2079 1589 2115 i.
1624 2092 1655 2115 e.
1695 2084 1731 2113 Γ,

242 2144 322 2179 Iam
356 2157 473 2192 quum
505 2144 563 2180 hae
596 2145 740 2181 litterae
773 2158 859 2181 eum
892 2145 1066 2181 ordinem
1100 2151 1334 2194 sequantur,
1375 2158 1453 2193 quo
1484 2157 1661 2194 personae
1692 2147 1731 2181 in

243 2224 395 2248 scenam
428 2216 583 2258 exeunt,
615 2214 779 2260 primam
813 2212 990 2249 videmus
1022 2213 1202 2261 prodisse
1233 2213 1405 2249 Atticam
1437 2213 1545 2249 illam
1576 2213 1732 2250 Bacchi-

242 2279 349 2326 dem,
397 2279 566 2316 Samiam
617 2280 817 2328 aliquanto
857 2285 964 2329 post,
1017 2287 1059 2318 ut
1096 2281 1256 2318 videtur
1296 2283 1489 2330 quintam,
1544 2281 1731 2317 Pistocle—

242 2361 327 2384 rum
373 2349 535 2384 tertium
581 2347 715 2384 fuisse.
786 2348 962 2385 Secunda
1010 2354 1077 2386 aut
1124 2354 1267 2398 quarta
1307 2362 1476 2399 persona
1515 2362 1630 2385 senex
1668 2349 1732 2385 ille

241 2428 324 2452 esse
362 2416 515 2465 potuit,
563 2429 678 2465 quem
718 2415 797 2452 illis
838 2417 1014 2452 versibus
1054 2417 1217 2454 Bacchis
1264 2417 1491 2465 alloquitur.
1567 2416 1640 2462 Qui
1686 2430 1731 2452 ne

241 2484 399 2520 nomine
432 2488 583 2530 careat,
625 2483 769 2520 Demea
800 2484 1042 2533 appelletur,
1091 2499 1179 2521 nam
1211 2485 1258 2522 ad
1292 2499 1379 2521 eum
1413 2485 1616 2521 retulerim
1649 2484 1730 2521 Me-

240 2551 385 2588 nandri
416 2551 681 2601 fragmentum
713 2550 817 2600 apud
848 2551 1112 2600 Fulgentium,
1144 2553 1309 2601 Mythol.
1342 2552 1411 2598 III,
1448 2554 1487 2589 l:
1533 2552 1730 2598 „Bellero-

240 2619 389 2667 phonta
420 2624 637 2669 posuerunt
670 2620 780 2668 quasi
810 2619 1110 2667 βουληφοροῦντα,
1141 2621 1245 2669 quod
1277 2634 1348 2657 nos
1379 2620 1503 2657 latine
1530 2620 1729 2668 sapientiae

242 2687 532 2724 consiliatorem
563 2687 741 2733 dicimus,
773 2688 827 2723 sic
857 2692 902 2723 ut
933 2687 1126 2724 Homerus
1158 2689 1213 2724 ait
1237 2688 1278 2724 οὗ
1302 2689 1370 2737 χρὴ
1396 2689 1591 2733 παννύχιον
1618 2688 1729 2724 εὕδειν

239 2754 463 2803 βουληφόρον
499 2754 630 2804 ἄνδρα,
669 2755 709 2792 id
742 2758 802 2792 est
835 2767 911 2791 non
943 2754 1054 2791 decet
1085 2759 1168 2792 tota
1200 2760 1313 2792 nocte
1346 2756 1515 2792 dormire
1550 2755 1729 2792 consilia-
