1897 3171
238 193 262 231 2
269 194 320 231 70
886 188 1084 223 Aulularia.

238 319 435 356 Euclionis
462 317 580 354 filiam
608 322 895 367 compresserat
927 331 1087 367 eamque
1120 317 1341 354 etiamnunc
1374 319 1478 353 amat
1503 319 1542 352 et
1565 328 1728 353 uxorem

239 387 357 435 cupit.
434 386 580 432 Quare,
621 384 726 434 quod
767 386 959 424 avunculo
999 382 1233 436 desponsam
1271 385 1440 432 accepit,
1479 383 1729 420 vehementer

238 456 453 491 commotus
491 454 609 490 matri
646 467 797 490 omnem
835 467 917 491 rem
950 453 1078 503 aperit
1108 465 1230 501 eaque
1260 455 1427 500 rogante
1460 465 1481 488 a
1512 450 1730 498 Megadoro

237 523 436 571 impetrat,
467 524 512 557 ut
541 521 618 559 sibi
641 521 842 559 Euclionis
872 521 994 558 filiam
1028 521 1150 567 cedat,
1184 521 1293 557 cuius
1324 523 1463 568 partus
1494 521 1571 556 iam
1603 519 1727 556 adest.

238 589 467 627 Euclionem
501 592 628 625 autem
662 588 893 638 aggreditur
923 602 1088 638 rogans,
1129 591 1176 625 ut
1207 588 1281 625 sibi
1310 587 1432 625 filiam
1464 587 1549 634 det,
1596 587 1657 624 cui
1688 599 1729 624 se

237 658 377 695 vitium
409 657 598 694 obtulisse
628 657 788 695 fatetur.
849 654 1097 694 Miserrimus
1133 659 1249 706 pater
1288 656 1445 693 domum
1476 655 1626 705 pergit,
1672 657 1728 700 ut,

239 725 333 774 quid
377 725 450 762 1100
487 725 578 761 novi
618 725 711 762 mali
757 726 818 772 sit,
867 725 1058 775 exploret.
1128 724 1284 761 Interea
1330 723 1525 761 Strobilus
1571 722 1729 759 advenit

238 794 410 843 heroque
450 805 518 829 suo
551 805 591 829 se
623 805 760 830 aurum
792 794 986 842 reperisse
1018 796 1154 829 narrat
1185 795 1235 839 et,
1267 794 1312 828 ut
1343 791 1415 829 hoc
1447 791 1578 840 pretio
1611 790 1726 827 liber-

237 865 321 898 tate
354 861 530 907 donetur,
563 860 752 910 postulat.
820 860 1040 909 Lyconides
1079 860 1195 897 ollam
1234 860 1416 897 Euclioni
1455 859 1650 905 restituit3
1698 859 1729 895 is

239 934 369 967 autem
401 929 505 965 felici
536 941 666 965 rerum
698 930 869 965 omnium
910 933 1055 966 eventu
1094 929 1208 965 laetus
1240 932 1277 964 et
1308 926 1427 964 filiam
1461 929 1496 964 ei
1526 928 1566 963 in
1596 927 1729 964 matri-

237 999 409 1034 monium
441 997 511 1033 dat
543 1000 580 1033 et
610 997 847 1042 thesaurum,
883 1009 929 1033 ex
961 1009 1048 1046 quo,
1082 996 1172 1033 dum
1203 995 1385 1041 habebat,
1418 996 1506 1044 plus
1538 995 1728 1032 molestiae

239 1069 277 1102 et
314 1066 467 1102 timoris
500 1077 617 1113 quam
655 1065 871 1114 voluptatis
911 1067 1136 1114 acceperat,
1185 1064 1286 1100 dotis
1326 1064 1482 1101 nomine
1522 1063 1643 1101 addit.
1677 1082 1730 1088 --

238 1134 420 1171 Extrema
454 1132 595 1170 fabulae
626 1146 717 1181 pars
750 1133 881 1179 deest,
918 1133 985 1170 sed
1019 1146 1065 1169 ex
1096 1133 1348 1182 Argumentis
1380 1144 1530 1168 summa
1569 1132 1626 1167 rei
1665 1143 1728 1168 co-

238 1204 451 1250 gnoscitur.
1662 1194 1664 1196 ’

351 1269 560 1319 Egregiam
586 1268 685 1305 hanc
710 1268 882 1305 fabulam
910 1269 996 1317 quis
1021 1268 1178 1306 Graecus
1208 1272 1326 1318 poeta
1356 1268 1504 1318 primus
1535 1267 1730 1305 invenerit

238 1342 277 1376 et-
307 1339 521 1388 scripserit,
547 1337 763 1384 ignoratur,
796 1349 886 1373 nam
914 1337 980 1386 qui
1004 1340 1169 1386 propter
1191 1350 1227 1374 v.
1256 1337 1334 1373 302
1358 1336 1617 1385 Posidippum
1641 1349 1731 1372 auc-

236 1411 362 1444 torem
386 1405 601 1452 nominant,
633 1406 750 1442 nimis
781 1405 857 1441 levi
890 1408 1120 1454 argumento
1152 1408 1331 1462 utuntur,
1363 1417 1399 1441 v.
1427 1404 1476 1441 ad
1502 1405 1595 1441 272.
1650 1403 1732 1440 Nec

236 1476 361 1523 magis
407 1487 483 1524 quo
520 1477 698 1523 tempore
739 1486 823 1510 eam
863 1472 1027 1510 Plautus
1067 1473 1200 1510 Romae
1240 1472 1436 1520 docuerit,
1483 1476 1618 1510 notum
1660 1476 1729 1510 est.

237 1543 319 1580 Hoc
352 1542 508 1592 quidem
541 1541 702 1578 fuerunt
743 1542 808 1590 qui
851 1542 1075 1579 coniectura
1112 1555 1150 1578 se
1189 1541 1345 1590 assequi
1386 1553 1501 1590 posse
1532 1543 1730 1590 putarent,

236 1616 279 1648 ut
321 1611 569 1657 Ladewigius
616 1611 656 1646 in
694 1609 921 1647 Zeitschrift
965 1610 1028 1646 fiir
1065 1609 1581 1646 Alterthumswissensehaft
1624 1609 1727 1646 1841

236 1693 275 1729 p.
311 1680 414 1717 1085
455 1692 536 1727 sq.,
585 1676 804 1727 Wagnerus
842 1679 883 1714 in
922 1677 981 1715 ed.
1023 1677 1111 1714 Aul.
1151 1691 1189 1727 p.
1235 1676 1333 1724 129,
1367 1677 1453 1724 alii,
1497 1679 1586 1726 qui,
1624 1676 1732 1726 quod

236 1746 475 1795 Megadorus
512 1758 548 1783 v.
585 1747 664 1783 479
697 1760 781 1796 sqq.
813 1750 895 1783 tam
935 1746 1187 1783 vehementer
1232 1745 1280 1782 de
1325 1745 1533 1782 mulierum
1575 1745 1731 1782 luxuria

238 1819 439 1864 queratur,
473 1814 546 1851 hoc
573 1815 659 1861 lege
684 1814 810 1863 Oppia
835 1818 1017 1852 manente
1041 1813 1126 1851 fieri
1149 1827 1228 1851 non
1259 1814 1436 1863 potuisse
1469 1812 1729 1858 contendunt3

237 1896 325 1920 nam
359 1883 546 1931 abrogata
579 1882 731 1918 demum
764 1883 870 1930 lege,
919 1895 1004 1932 quae
1043 1883 1250 1919 mulierum
1289 1881 1487 1918 luxuriam
1519 1880 1731 1930 cohiberet,

239 1951 343 2002 quod
374 1964 473 1987 anno
506 1964 538 1988 a.
567 1950 654 1987 Chr.
682 1965 718 1988 n.
749 1952 823 1987 195
857 1950 1002 1988 factum
1034 1964 1117 1988 esse
1149 1963 1195 1987 ex
1226 1949 1337 1987 Livio
1373 1948 1570 1996 (XXXIV,
1608 1945 1731 1995 1—8)

238 2021 431 2065 novimus,
467 2032 550 2055 eam
576 2019 746 2056 civitatis
771 2018 1040 2056 condicionem
1067 2032 1151 2056 esse
1174 2019 1329 2065 factam,
1359 2030 1444 2067 quae
1468 2018 1528 2054 his
1551 2016 1733 2054 versibus

239 2087 500 2124 describatur.
576 2086 721 2123 Verum
761 2100 839 2123 non
871 2087 1063 2137 abrogata
1093 2087 1156 2124 lex
1188 2099 1304 2124 causa
1334 2086 1500 2123 luxuriae
1530 2085 1622 2132 fuit,
1663 2084 1732 2122 sed

238 2157 329 2205 quia
375 2154 584 2204 cupiditati
630 2154 865 2191 feminarum
915 2155 1112 2192 moderari
1157 2168 1226 2192 nec
1270 2157 1455 2205 poterant
1498 2166 1570 2190 nec
1615 2153 1723 2190 vole-

237 2223 347 2269 bant,
404 2223 491 2259 ideo
538 2223 662 2272 legem
701 2222 954 2270 abrogarunt.
1023 2223 1170 2260 Eorum
1208 2225 1349 2270 autem,
1398 2235 1484 2272 quae
1530 2221 1603 2259 hoc
1646 2221 1732 2257 loco

238 2291 436 2337 ridentur,
483 2290 673 2341 pleraque
704 2291 765 2327 vel
798 2304 843 2327 ex
874 2291 1009 2329 Graeco
1048 2291 1155 2329 fonte
1194 2291 1312 2328 ducta
1349 2293 1450 2337 sunt,
1492 2303 1537 2327 ac
1566 2289 1731 2327 Romani

240 2363 482 2409 spectatores
513 2359 545 2395 si
576 2372 655 2395 non
688 2372 787 2405 suos,
824 2363 863 2396 at
892 2360 1369 2397 Atheniensium—nam
1400 2358 1569 2396 Athenis
1602 2357 1734 2406 agitur

236 2428 584 2465 fabula—mores
614 2426 744 2463 ridere
775 2431 1002 2476 potuerunt,
1035 2429 1096 2465 vel
1129 2429 1249 2464 etiam
1280 2429 1465 2464 manente
1492 2426 1619 2476 Oppia
1645 2425 1731 2474 lege

238 2496 371 2533 Romae
409 2495 578 2532 inveniri
618 2498 833 2545 potuerunt
870 2497 903 2533 si
941 2510 1019 2534 non
1050 2497 1164 2543 talia,
1207 2496 1338 2544 qualia
1369 2496 1431 2532 hic
1462 2494 1732 2543 proferuntur,

239 2567 279 2600 at
311 2576 396 2613 quae
431 2564 586 2600 comicae
617 2564 913 2613 exaggerationi
942 2564 1071 2601 locum
1103 2564 1255 2601 darent.
1316 2563 1397 2600 Nec
1437 2567 1568 2600 tamen
1606 2574 1732 2611 nega-

239 2633 360 2668 verim
392 2631 487 2668 mihi
520 2643 677 2680 quoque
707 2635 751 2668 ut
784 2632 872 2669 aliis
903 2632 953 2678 (v.
980 2631 1198 2668 Francken.
1227 2631 1286 2669 ed.
1314 2631 1403 2668 Aul.
1428 2644 1467 2680 p.
1491 2628 1599 2677 XVI)
1631 2630 1735 2666 hanc

239 2700 410 2736 fabulam
444 2700 548 2736 inter
578 2699 817 2748 posteriores
847 2699 980 2737 Plauti
1011 2699 1291 2736 numerandam
1326 2712 1408 2736 esse
1438 2698 1579 2735 videri.
