1854 3188
159 211 220 255 IV,
235 213 268 255 9,
287 212 395 244 1——22
802 209 1016 244 Bacchides.
1574 213 1648 251 121

608 391 939 435 CHRYSALUS
972 390 1200 434 SERUOS.

159 479 337 522 Atridae
370 479 454 521 duo
486 478 644 521 fratres
678 479 824 521 cluent
854 479 1009 520 fecisse
1040 478 1209 520 facinus
1242 493 1503 529 maxumum,
1587 491 1653 524 920

160 552 299 603 Quom
330 551 491 593 Priami
522 552 708 606 patriam
740 551 998 604 Pergamum
1030 550 1177 592 diuina
1207 551 1443 592 moenitum
1474 565 1603 592 manu

160 624 312 666 Armis.
345 623 480 677 equis,
515 624 709 665 exercitu
740 627 870 677 atque
903 624 1070 664 eximiis
1102 622 1390 664 bellatoribus

161 696 266 737 Cum
299 696 413 736 inille
445 708 621 736 numero
653 695 831 736 nauium
864 695 1042 736 decumo
1074 709 1185 736 anno
1217 699 1313 748 post
1345 694 1624 746 subegerunt.

158 767 289 819 Non†
301 766 482 821 pedibus
494 770 709 809 termento
723 766 819 818 fuit,
831 772 984 821 praeut
998 781 1076 820 ego
1095 781 1215 808 erum
1228 766 1485 820 expugnabo
1497 780 1652 808 meum.

159 840 258 882 Sine
290 839 429 880 classe
463 839 640 892 sineque
672 839 865 881 exercitu
896 844 937 881 et
968 842 1092 881 tanto
1125 852 1303 880 numero
1336 838 1521 879 militum
1587 849 1654 883 925

160 911 276 964 Cepi,
308 911 553 965 expugnaui
585 911 747 952 amanti
780 910 874 952 erili
906 910 994 952 filio
1028 925 1181 952 aurum
1213 910 1266 951 ab
1299 924 1376 952 suo
1409 914 1545 964 patre.

157 983 282 1024 Nunc
297 984 415 1037 prius
433 996 563 1036 quam
578 981 663 1024 huc
680 997 809 1024 senex
825 983 959 1025 uenit.
983 982 1107 1024 lubet
1132 982 1375 1033 lamentari,
1393 982 1495 1023 (lum
1513 986 1651 1024 exeat.

159 1054 192 1096 Ο
225 1054 367 1104 Troia,
401 1069 424 1096 o
456 1055 612 1108 patria,
646 1069 669 1096 o
701 1055 977 1109 Pergamum!
1012 1069 1035 1096 o
1067 1054 1250 1105 Priame,
1283 1055 1452 1108 periisti
1483 1068 1624 1103 senex,

158 1126 242 1176 Qui
272 1127 427 1168 misere
459 1126 572 1168 male
602 1127 845 1169 multabere
885 1127 1214 1180 quadringentis
1247 1126 1458 1180 Philippis
1498 1127 1650 1168 aureis.

156 1199 267 1240 Nam
299 1213 376 1252 ego
407 1198 485 1240 has
516 1198 985 1253 tabellas-obsignatas
1019 1200 1292 1253 consignatas
1325 1213 1432 1253 quas
1458 1197 1562 1249 fero,
1587 1209 1655 1242 930

156 1271 253 1312 Non
285 1275 386 1312 sunt
418 1270 604 1313 tabellae
637 1271 712 1312 sed
744 1285 888 1325 equos,
922 1286 1049 1326 quem
1080 1272 1237 1313 misere
1271 1271 1423 1312 Achiui
1453 1270 1652 1324 ligneum.

156 1343 314 1397 Epiust
347 1343 635 1395 Pistoclerus3
668 1343 722 1385 ab
756 1357 805 1385 eo
831 1343 937 1385 haec
963 1348 1148 1398 sumpta.
1197 1342 1486 1384 Mnesilochus
1512 1342 1655 1384 Sinost

156 1415 371 1471 Relictus3
404 1415 545 1465 ellum,
576 1431 661 1458 non
692 1416 735 1457 in
765 1416 895 1457 busto
929 1416 1099 1463 Achilli,
1132 1416 1206 1457 sed
1238 1415 1416 1456 inlecto
1443 1414 1654 1465 adcubat3

156 1487 419 1529 Bacchidem
449 1486 583 1529 habet
609 1502 773 1540 secum;
805 1488 876 1529 ille
903 1488 1004 1529 olim
1029 1488 1181 1529 habuit
1207 1489 1360 1541 ignem.
1388 1488 1462 1542 qui
1486 1487 1655 1540 signum

1112 1560 1253 1610 (laret3

157 1631 283 1673 Nunc
314 1632 457 1686 ipsum
488 1632 641 1673 exurit.
703 1632 793 1686 Ego
826 1644 918 1674 sum
950 1632 1116 1683 Ulixes,
1151 1632 1304 1686 quoius
1337 1631 1516 1673 consilio
1549 1629 1655 1671 haec

1111 1708 1276 1757 gerunt.
1588 1713 1655 1747 935

157 1776 268 1817 Tum
299 1789 410 1829 quae
441 1775 512 1817 hio
543 1780 642 1818 sunt
675 1777 863 1831 scriptae
894 1776 1081 1821 litterae,
1117 1779 1176 1817 tot
1199 1775 1280 1816 hoc
1304 1776 1348 1816 in
1374 1788 1483 1828 equo
1507 1775 1656 1815 insunt

429 1897 433 1901 .
1113 1848 1270 1889 milites

159 1919 328 1961 Armati
359 1923 493 1974 atque
525 1921 707 1963 animati
738 1920 886 1975 probe.
961 1921 1026 1961 Ita
1066 1933 1135 1961 res
1176 1919 1386 1961 successit
1424 1918 1483 1959 mi
1519 1930 1656 1971 usque

1113 1992 1269 2033 adhuc.

158 2063 297 2117 Atque
314 2062 384 2104 hic
401 2077 535 2118 equos
552 2079 636 2106 non
653 2066 697 2107 in
714 2079 870 2111 arcem,
903 2079 1054 2106 uerum
1078 2065 1120 2105 in
1139 2078 1286 2105 arcam
1303 2063 1432 2104 faciet
1449 2062 1655 2117 inpetum.

157 2134 360 2186 Exitium,
378 2137 604 2188 excidium,
622 2137 850 2179 exlecebra
875 2137 947 2178 fiet
972 2137 1041 2178 hic
1067 2151 1200 2191 equos
1229 2136 1356 2177 hodie
1390 2148 1494 2177 auro
1526 2135 1655 2176 senis.

159 2206 320 2249 Nostro
338 2208 430 2249 seni
446 2207 545 2249 huic
564 2209 735 2255 stolido,
768 2210 807 2251 ei
831 2209 1025 2263 profecto
1049 2223 1207 2250 nomen
1235 2206 1347 2248 facio
1365 2221 1442 2260 ego
1461 2206 1564 2257 Ilio3
1592 2217 1658 2250 940

158 2279 281 2321 Miles
313 2279 569 2331 Menelaust,
603 2295 681 2334 ego
714 2281 977 2334 Agamemno
1011 2295 1116 2331 sum,
1148 2280 1262 2322 idem
1288 2279 1434 2321 Ulixes
1462 2278 1656 2326 Lartius3

250 2447 521 2484 NICOBULUS
549 2448 711 2484 SENEX
737 2451 842 2485 titulo
868 2451 971 2485 addit
994 2451 1030 2485 B
1119 2452 1186 2484 920
1211 2450 1363 2484 Atridas
1389 2448 1481 2482 duos
1505 2447 1549 2488 B,
1577 2446 1658 2480 -tri-

161 2504 226 2538 des
252 2504 323 2539 duo
352 2504 381 2540 C'
470 2507 619 2542 clauent
647 2507 675 2542 C
772 2508 836 2541 921
863 2508 1042 2541 menitum
1069 2507 1098 2542 C
1195 2508 1260 2541 923
1284 2506 1386 2540 mille
1412 2515 1495 2538 cum
1592 2503 1659 2536 924

158 2568 346 2600 tormento
418 2565 493 2600 ruit
521 2563 549 2599 O
616 2565 683 2599 926
709 2563 823 2608 Coepi
847 2565 882 2598 B
962 2565 1028 2598 929
1054 2564 1263 2598 mulcabere
1336 2559 1602 2605 quadragentis
1631 2557 1659 2592 C

160 2622 227 2656 932
253 2621 360 2656 sinon
385 2624 442 2657 est,
536 2623 602 2656 933
625 2621 728 2655 illum
756 2620 784 2655 C
880 2620 945 2655 sed
970 2621 1066 2655 lecto
1095 2620 1123 2655 C
1219 2620 1286 2654 935
1311 2618 1418 2652 Hunc
1510 2615 1605 2649 hanc
1633 2614 1662 2649 C

161 2682 341 2722 geruntur
365 2678 402 2712 B
473 2679 538 2713 936
564 2681 623 2712 tot,
647 2688 712 2713 om.
783 2677 822 2711 in
847 2677 859 2711 i
885 2689 956 2721 quo
982 2677 1029 2719 B,
1055 2677 1094 2711 in
1120 2688 1236 2720 aequo
1266 2675 1294 2710 G
1362 2675 1428 2708 937
1454 2672 1659 2716 meliusque

160 2736 226 2769 938
250 2735 289 2770 in
303 2747 427 2770 arcum
440 2734 552 2769 faciet
568 2734 596 2770 C
662 2735 729 2769 939
753 2734 950 2768 Excidium
965 2735 1116 2768 exitium
1130 2732 1198 2767 BC
1267 2733 1330 2765 941
1353 2740 1598 2774 agamemnon
1610 2729 1657 2771 B,

161 2802 367 2835 agamenno
395 2791 424 2826 G
493 2803 573 2826 sum
598 2802 664 2826 om.
739 2791 871 2825 lercius
896 2791 942 2833 B,
969 2791 1097 2825 lertius
1126 2789 1156 2824 O
