1897 3171
253 212 275 249 5
282 211 303 248 3
310 212 332 250 6
904 208 1084 243 Curculio.

250 336 417 373 Bothio:
454 334 626 382 „Uide“;
659 336 738 383 sed,
771 340 816 374 ut
846 339 887 374 in
918 337 1038 374 dubia
1068 351 1121 383 re,
1154 336 1545 386 proceleusmaticum
1576 335 1741 382 reliqui,

251 404 297 442 cf.
335 405 425 441 160.
462 405 552 441 188.
592 424 647 429 ——
688 405 752 442 94.
805 402 912 453 Quin
943 402 1019 442 (Ias
1049 401 1243 442 scemam?
1287 410 1330 441 ut
1362 405 1473 441 decet
1502 403 1654 451 lepidae.
1685 421 1744 426 —

254 473 318 509 95.
351 467 477 518 Ilicet,
510 486 545 509 v.
580 472 628 508 ad
660 472 800 522 Amph.
837 473 927 511 540.

365 540 430 576 96.
464 539 605 576 Leaena
628 541 790 578 ianitrix
814 542 895 577 exit
920 541 1041 577 odore
1065 541 1146 577 vini
1169 540 1298 577 ducta.
1346 539 1546 577 Canticum
1566 541 1744 588 sequitur

250 608 370 644 variis
415 608 605 654 numeris,
654 621 751 657 quos
790 609 857 646 alii
906 609 1020 645 aliter
1059 609 1296 645 constituere
1335 609 1466 645 conati
1505 612 1615 653 sunt,
1660 608 1739 644 vid.

251 674 507 712 Studemund.
540 675 588 712 de
621 677 784 713 canticis
815 689 854 725 p.
888 678 938 713 87
973 689 1045 724 sq.‚
1088 675 1268 725 Spengel.
1300 677 1341 712 in
1372 675 1565 722 Philolog.
1598 675 1741 721 XXVI,

250 756 288 792 p.
324 744 415 780 354.
501 743 658 780 Mffller.
705 743 764 781 Pl.
805 743 965 781 Prosod.
1006 756 1044 792 p.
1087 745 1138 781 88
1177 757 1235 793 sq.
1277 748 1314 780 ct
1357 745 1447 781 157.
1488 744 1536 781 al.
1611 743 1743 781 Prima

251 812 393 847 cantici
424 824 530 859 pars,
566 825 598 848 v.
619 813 827 859 96-117,
859 813 1067 848 maximam
1093 816 1246 861 partem
1279 814 1444 849 creticos
1477 815 1515 847 et
1547 824 1632 848 cum
1665 824 1743 847 cre·

249 879 339 917 ticis
371 882 558 927 cognatos
589 893 772 916 numeros
796 880 926 926 habet,
961 883 1000 916 et
1026 880 1188 917 96—97
1215 879 1374 933 quidem
1404 881 1628 916 tetrametri
1661 892 1747 916 cre-

250 948 319 984 tici
352 951 453 984 sunt.
516 943 687 985 Florem
716 949 817 994 vini,
861 948 995 994 ἄνθος,
1029 948 1052 985 i.
1089 961 1120 984 e.
1154 947 1331 993 odorem,
1373 951 1411 984 et
1441 960 1512 983 nos
1542 946 1745 984 laudamus

251 1018 292 1052 et
332 1017 487 1064 antiqui
526 1015 760 1061 laudabant,
809 1016 856 1053 cf.
890 1016 1018 1053 Casin.
1053 1017 1153 1053 612:
1207 1016 1305 1058 ..nisi
1350 1015 1443 1051 haec
1490 1015 1658 1051 meraclo
1705 1028 1745 1051 se

250 1085 402 1132 uspiam
433 1085 628 1133 percussit
666 1082 762 1121 flore
796 1082 968 1122 Liberi“.
1045 1083 1137 1121 Cist.
1175 1085 1273 1120 125:
1325 1096 1408 1129 „me
1440 1083 1621 1132 conpleui
1650 1082 1746 1119 flore

251 1149 425 1189 Liberi“.
487 1151 631 1189 Pacuv.
666 1153 766 1189 291:
805 1152 1044 1201 „Postquam
1076 1156 1134 1189 est
1167 1155 1351 1189 oneratus
1381 1151 1539 1199 frugum
1570 1155 1610 1188 et
1638 1151 1748 1188 floris

250 1218 425 1255 Liberi“.
466 1239 519 1244 ——-
565 1218 617 1257 {18
651 1221 910 1270 anapaesticus
943 1221 1120 1258 dimeter.
1182 1219 1306 1269 Gepp.
1344 1219 1465 1266 .,Ubi,
1499 1219 1586 1265 ubi,
1628 1215 1740 1256 est?

250 1287 514 1335 interpunxit,
560 1289 627 1324 vix
670 1291 788 1326 recte.
822 1308 877 1313 —-
923 1290 974 1326 99
1024 1292 1177 1325 constat
1217 1302 1261 1324 ex
1301 1287 1464 1337 dipodia
1502 1287 1671 1325 iambica
1709 1293 1749 1324 et

252 1356 536 1404 semiquinario
582 1356 797 1394 trochaico.
889 1353 1034 1395 Liberi
1072 1353 1204 1404 lepos,
1251 1357 1276 1393 i.
1318 1369 1350 1392 c.
1390 1356 1566 1405 lepidum
1613 1356 1747 1393 Liberi

253 1422 412 1460 donum.
460 1443 515 1448 —-
564 1425 640 1462 100
684 1428 838 1462 constat
871 1438 919 1461 ex
950 1425 1126 1473 dactylo,
1173 1425 1301 1462 tribus
1334 1425 1508 1470 creticis,
1556 1424 1747 1470 trochaeo;

253 1491 370 1529 uetus
396 1491 499 1528 enim
524 1495 562 1529 et
586 1493 670 1542 ipse
697 1493 790 1530 olim
818 1493 1115 1530 emendaveram
1141 1498 1180 1529 et
1207 1492 1400 1542 Spengel.,
1435 1492 1578 1530 Philol.
1603 1492 1746 1538 XXVI,

249 1573 287 1609 p.
323 1561 423 1606 3563
455 1573 546 1597 nam
583 1561 814 1610 „antiquum
840 1566 879 1598 et
902 1560 1038 1598 vetus“
1069 1562 1246 1610 componi
1270 1565 1446 1610 possunt,
1480 1561 1571 1609 quia
1596 1560 1747 1610 aliquid

250 1629 436 1675 interest,
477 1633 592 1665 uetus
631 1642 654 1665 a
684 1634 845 1667 uetusto
878 1629 978 1667 nihil
1011 1629 1153 1667 differt.
1214 1629 1399 1666 Editores
1430 1628 1520 1665 inde
1552 1643 1574 1665 a
1604 1629 1747 1666 Bot-hio

251 1696 349 1733 duos
380 1700 633 1734 tetrametros
665 1700 704 1734 et
733 1699 959 1735 trimetrum
992 1700 1179 1735 creticum
1211 1698 1265 1734 sic
1297 1697 1546 1734 describunt:

423 1765 522 1801 Nam
555 1767 729 1802 omnium
761 1770 1006 1815 unguentum
1039 1766 1135 1804 odos
1166 1779 1262 1816 prae
1292 1770 1361 1803 tuo
1392 1770 1586 1803 nauteast.

422 1833 481 1871 Tu
512 1833 607 1870 mihi
639 1836 776 1880 stacte,
809 1839 854 1871 tu
886 1837 1119 1879 cinnamum,
1152 1841 1197 1871 tu
1227 1847 1326 1880 rosa,

424 1901 483 1938 Tu
515 1903 717 1939 crocinum
749 1906 789 1939 et
820 1904 922 1939 casia
954 1916 1005 1948 es,
1037 1908 1080 1939 tu
1113 1902 1295 1939 bdelium.

252 1969 336 2019 Ego
371 1969 544 2006 codicem
576 1974 734 2007 secutus
767 1983 870 2017 sum;
903 1970 965 2008 Sic
993 1972 1068 2008 101
1098 1974 1253 2008 constat
1277 1984 1323 2006 ex
1347 1970 1479 2007 iambo
1505 1976 1543 2007 et
1575 1972 1751 2020 quinque

254 2038 430 2084 eret-icis,
481 2039 558 2075 102
591 2051 638 2075 ex
675 2039 803 2076 tribus
845 2039 1031 2088 dactylis,
1082 2039 1256 2089 spondeo
1297 2043 1335 2075 et
1373 2041 1532 2077 cretico.
1602 2039 1750 2077 nautea

253 2105 402 2143 Nonius
433 2118 470 2154 p.
506 2107 541 2152 8,
575 2119 610 2144 v.
643 2107 752 2145 Asin.
787 2108 880 2145 885.
912 2127 968 2131 -
997 2107 1135 2153 stacte,
1171 2109 1298 2152 στακτή
1330 2121 1381 2145 sc.
1412 2108 1552 2156 Aunt-99«,
1585 2120 1670 2156 quae
1702 2107 1750 2144 de

253 2174 326 2211 hac
355 2173 499 2210 frutice
530 2174 725 2221 destillat,
767 2189 802 2213 V.
836 2175 937 2213 Plin.
971 2175 1018 2213 H.
1050 2175 1097 2212 N.
1130 2175 1224 2221 XII,
1264 2177 1324 2221 15,
1361 2177 1424 2222 35,
1460 2177 1530 2213 68:
1582 2175 1750 2221 ..sudant

254 2245 386 2279 autem
424 2246 564 2291 sponte
602 2243 713 2292 prius
754 2257 870 2292 quam
908 2244 1154 2290 incidantur,
1200 2248 1323 2280 stacte
1363 2244 1486 2289 dicta,
1535 2245 1597 2281 cui
1641 2244 1749 2281 nulla

255 2308 521 2360 praefertur“.
566 2310 695 2347 Plaut.
721 2310 877 2348 Trucul.
906 2313 1009 2349 473:
1047 2311 1172 2359 „Date
1204 2312 1300 2349 mihi
1331 2312 1406 2349 huc
1437 2316 1602 2349 stactam
1634 2316 1753 2361 atque

254 2381 386 2428 ignem
422 2380 463 2415 in
504 2377 650 2416 aram⁴⁴.
712 2378 831 2416 Most.
874 2381 976 2417 303:
1022 2393 1132 2426 „cum
1165 2384 1289 2417 stacta
1327 2378 1513 2417 accubo“.
1554 2400 1609 2405 —-
1658 2382 1750 2418 109..

257 2443 453 2485 bdellium
485 2447 576 2483 olim
609 2447 871 2484 emendatum.
934 2447 1136 2486 Describit
1167 2448 1317 2485 Plinius
1342 2448 1388 2486 H.
1415 2448 1462 2486 N.
1489 2449 1578 2496 XII,
1613 2451 1648 2497 9,
1685 2452 1746 2497 19,

259 2516 323 2552 35.
355 2535 412 2539 —
453 2515 530 2552 103
570 2514 761 2552 iambicus
799 2519 1058 2564 septenarius.
1097 2536 1153 2542 —
1195 2517 1414 2554 104-108
1454 2518 1588 2555 cretici
1628 2523 1750 2555 tetra-

256 2585 386 2621 metri.
418 2602 475 2608 —
514 2584 604 2621 106.
638 2582 779 2631 tecum,
811 2583 926 2630 odor3
972 2582 1110 2632 ipsus,
1144 2585 1264 2622 sinus.
1295 2604 1351 2610 —
1392 2586 1483 2623 108.
1532 2581 1630 2623 Sine
1660 2587 1752 2624 olim

261 2651 521 2689 emendatum.
593 2650 718 2701 Gepp.
754 2649 914 2699 „sitio“.
954 2672 1012 2677 —
1057 2649 1232 2700 ductim,
1278 2653 1397 2701 longo
1437 2653 1565 2691 ducto.
1625 2653 1754 2691 Affert

258 2717 500 2756 Glossarium
518 2719 755 2767 Plautinum,
773 2720 924 2758 Ritsch.
943 2719 1084 2770 Opusc.
1102 2720 1140 2757 II
1163 2734 1201 2770 p.
1222 2722 1315 2758 235.
1341 2741 1399 2745 ——
1420 2718 1494 2759 hac
1525 2725 1616 2759 cett.
1639 2722 1752 2759 codd.

255 2806 313 2812 --·
362 2788 437 2825 109
487 2791 640 2824 constat
686 2801 733 2825 ex
778 2788 945 2826 dimetro
990 2789 1159 2826 iambico
1208 2793 1245 2826 et
1284 2789 1412 2826 iambo
1461 2802 1547 2826 cum
1594 2791 1752 2827 cretico.
