1854 3188
181 217 199 254 1
209 216 260 255 54
856 210 977 245 Plauti
1446 208 1472 251 I,
1485 210 1517 251 2,
1532 209 1663 243 51—-71

178 337 410 379 Nullumne
441 336 608 379 interea
639 336 873 388 nanctus's‚
907 337 979 391 qui
1010 339 1161 391 posset
1191 334 1274 377 tibi

181 411 427 452 Remissum
458 422 585 463 quem
617 408 705 450 dixi
736 409 936 462 inperare
969 407 1239 450 exercitum?
1609 417 1672 452 155

782 479 1070 534 Ergasilus

180 552 293 603 Quid
324 552 492 595 credis?
551 552 788 606 Postquam
820 555 996 605 captust
1025 550 1350 605 Philopolemus
1380 553 1494 601 tuus,

181 625 291 675 Quoi
324 625 554 679 optigerat,
586 623 776 678 fugitant
808 637 954 665 omnes
985 623 1098 665 hanc
1129 622 1410 678 prouinciam.

837 695 1006 749 Hegio

180 768 276 810 Non
307 767 380 822 pol
411 768 700 809 mirandumst
730 766 918 820 fugitare
950 767 1062 808 hanc
1093 767 1377 821 prouinciam.

179 841 332 883 Multis
366 844 410 882 et
440 839 797 893 multigeneribus
830 853 937 893 opus
970 843 1039 881 est
1069 838 1150 881 tibi

179 912 405 955 Militibus.
466 911 763 953 Primumdum
795 916 926 965 opust
957 910 1302 962 Pistorensibus3
1612 922 1676 956 160

180 985 342 1027 Eorum
375 987 477 1026 sunt
509 983 675 1036 aliquot
707 996 864 1036 genera
895 982 1226 1034 Pistorensium3

181 1056 301 1111 Opus
333 1055 534 1097 Panioeis
568 1059 645 1106 est,
679 1068 788 1108 opus
820 1054 1084 1096 Placentinis
1116 1069 1310 1109 quoque;

182 1129 299 1183 Opus
332 1128 606 1178 Turdetanisy
641 1140 748 1181 opus
782 1131 848 1168 est
879 1126 1254 1179 Ficedulensibus3

180 1201 271 1243 Iam
305 1200 525 1242 maritumi
558 1213 706 1242 omnes
739 1198 898 1240 milites
932 1212 1038 1252 opus
1071 1203 1170 1240 sunt
1200 1198 1293 1240 tibi.

791 1271 1075 1325 Ergasilus

182 1344 241 1386 Ut
273 1358 402 1399 saepe
435 1358 604 1387 summa
634 1344 805 1398 ingenia
837 1344 881 1384 in
914 1343 1085 1385 occulto
1117 1343 1278 1385 latent!
1616 1354 1678 1388 165

182 1416 265 1458 Hic
298 1417 438 1471 qualis
469 1417 693 1472 inperator
723 1429 836 1457 nunc
867 1416 1066 1470 priuatus
1101 1415 1185 1457 est!

848 1487 1014 1541 Hegio

181 1563 303 1605 Habe
336 1562 462 1604 niodo
494 1561 657 1604 bonum
689 1560 901 1611 animum3
934 1574 1034 1601 nam
1065 1559 1189 1601 illum
1222 1557 1392 1601 confido
1425 1558 1597 1601 domum

179 1636 230 1678 In
261 1635 328 1677 his
361 1633 513 1676 diebus
544 1648 612 1676 me
644 1632 1013 1675 reconciliassere.

180 1708 293 1750 Nam
325 1721 475 1749 eccum
507 1706 577 1747 hic
609 1706 828 1760 captiuom
859 1703 1182 1746 adulescentem
1212 1703 1365 1746 Aleum

182 1780 446 1833 Prognatum
479 1792 636 1833 genere
669 1791 834 1819 summo
868 1781 911 1819 et
943 1777 1122 1819 summis
1156 1776 1340 1829 diuitiis;
1617 1788 1681 1821 170

185 1852 278 1894 Hoc
309 1852 429 1894 illum
460 1865 527 1893 me
559 1855 731 1892 mut-are
764 1849 933 1892 confido
966 1854 1078 1904 pote.

791 1921 1078 1975 Ergasilus

182 1997 251 2038 Ita
284 1996 326 2037 di
359 1996 554 2049 deaeque
585 1994 735 2036 faxint.

851 2065 1015 2117 Hegio

797 2136 880 2178 Sed
913 2151 1014 2177 num
1048 2150 1132 2191 quo
1164 2134 1280 2179 foras

182 2212 374 2254 Uocatus
407 2224 450 2253 es
480 2210 536 2253 ad
569 2210 746 2252 cenam?

785 2280 1076 2334 Ergasilus

811 2353 1049 2405 Nusquam,
1083 2352 1199 2406 quod
1230 2352 1376 2394 sciam.

183 2427 266 2470 Sed
300 2426 405 2480 quid
435 2430 483 2468 tu
514 2425 557 2467 id
590 2426 797 2479 quaeris?

278 2620 342 2653 154
365 2621 495 2653 nactus
621 2619 683 2652 155
708 2617 800 2651 dixit

186 2676 342 2711 156—57
367 2674 461 2718 Quid
487 2674 632 2710 credis?
670 2674 847 2719 Fugitant
874 2686 1000 2708 omnes
1026 2674 1121 2709 hane
1145 2674 1387 2718 prouinciam,

366 2731 472 2776 Quod
497 2732 694 2777 obtigerat.
721 2735 919 2776 postquam
946 2734 1073 2775 eaptus
1098 2731 1125 2765 ’ὁ
1149 2730 1426 2775 Philopolemus
1451 2732 1546 2764 tuus.

187 2790 250 2824 169
275 2789 575 2825 adhulescentem
601 2789 712 2824 alium
770 2790 831 2822 171
860 2787 1003 2822 confido
1029 2787 1109 2822 fore
1161 2788 1224 2822 172
1250 2786 1407 2830 dideque
1460 2787 1523 2820 173
1549 2796 1585 2819 es
1612 2795 1677 2820 om.
