1854 3188
189 216 267 255 158
868 212 988 247 Plauti
1433 211 1481 256 11,
1497 214 1526 252 1,
1543 214 1677 248 19—34

801 338 1064 380 Lorarius

185 410 296 452 Fiat.
356 408 594 452 Abscedite
625 409 745 462 hin03
776 423 853 452 nos
885 410 1173 452 concedamus
1204 409 1303 452 huc.

187 481 271 523 Sed
301 481 480 524 breuem
511 481 752 524 orationem
783 482 1001 536 incipisse.

759 553 1106 596 Philocrates

186 624 277 675 Em,
309 625 422 667 istuc
453 624 558 667 mihi
589 630 756 668 certum
788 631 894 667 erat.
956 625 1152 668 Concede
1182 625 1279 668 huc.
1615 636 1682 670 215

807 697 1066 740 Lorarius

185 770 312 812 Abite
343 769 398 811 ab
429 770 537 812 istis.

795 841 1072 895 Tyndarus

609 912 795 955 Obnoxii
827 913 954 955 ambo

187 985 322 1028 Uobis
355 999 503 1028 sumus
535 990 715 1039 propter
746 986 859 1027 hanc
889 999 992 1036 16111,
1025 999 1168 1039 quom,
1201 998 1311 1038 quae
1342 984 1542 1027 uolumus
1572 999 1666 1037 nos,

190 1058 365 1112 Copiast
396 1057 422 1109 †
454 1070 505 1098 ea
535 1056 678 1098 facitis
709 1071 787 1099 nos
821 1061 1045 1112 conpotes.

759 1129 1108 1171 Philocrates

188 1201 347 1243 Secede
379 1201 463 1242 huc
494 1215 609 1243 nunc
639 1202 737 1251 iam,
772 1202 807 1243 si
839 1201 1025 1251 uidetur,
1058 1201 1220 1255 procul,

187 1273 250 1315 Ne
283 1273 436 1315 arbitri
470 1273 588 1315 dicta
618 1278 767 1315 nostra
799 1273 1004 1315 arbitrari
1036 1278 1208 1326 queant,
1615 1285 1683 1318 220

186 1345 281 1388 Neu
313 1349 541 1400 permanet
571 1345 717 1399 palam
749 1345 857 1387 haec
888 1350 1036 1387 nostra
1067 1345 1256 1387 fallacia.

187 1417 298 1460 Nam
329 1417 418 1460 doli
449 1431 537 1459 non
568 1417 657 1459 doli
690 1423 800 1460 sunt.
836 1419 916 1459 etsi
948 1423 1046 1459 astu
1078 1417 1209 1468 colas,

189 1489 274 1532 Sed
306 1489 467 1532 malum
497 1503 762 1541 maxumum,
796 1491 831 1531 si
861 1489 906 1531 id
936 1489 1082 1544 palam
1112 1489 1327 1544 prouenit.

187 1561 298 1604 Nam
339 1563 374 1604 51
414 1575 510 1604 erus
549 1561 653 1603 mihi
694 1576 738 1604 es
776 1566 824 1603 tu
857 1566 987 1617 atque
1020 1575 1097 1616 ego
1129 1575 1196 1602 me
1227 1565 1350 1603 tuum
1381 1575 1478 1603 6556
1511 1575 1683 1603 seruom

1141 1633 1368 1685 adsimulo,

188 1706 351 1749 Tamen
390 1707 486 1749 uiso
528 1712 676 1760 opust,
723 1710 893 1747 cautost
934 1719 1060 1760 opus,
1108 1709 1157 1747 ut
1201 1705 1282 1747 hoc
1322 1705 1464 1748 sobrie
1506 1705 1681 1758 sineque

1142 1777 1318 1819 arbitris
1618 1787 1684 1822 225

187 1851 407 1893 Adcurate
439 1854 609 1904 agatur,
643 1850 769 1892 docte
803 1855 845 1891 et
878 1849 1122 1903 diligenter.

187 1923 328 1965 Tanta
358 1923 531 1976 incepta
562 1936 630 1964 res
663 1927 748 1973 estj,
780 1921 898 1963 haud
931 1921 1216 1964 somniculose
1248 1921 1330 1963 hoc

186 1994 474 2050 Agundumst.

801 2065 1081 2118 Tyndarus

534 2137 633 2187 Ero,
663 2143 712 2178 ut
742 2151 808 2178 me
840 2137 961 2178 uoles
995 2150 1101 2178 esse.

761 2209 1115 2250 Philocrates

1146 2280 1293 2335 Spero.

802 2352 1083 2406 Tyndarus

187 2426 298 2467 Nam
329 2430 378 2467 tu
408 2438 521 2467 nunc
553 2424 675 2466 uides
707 2438 787 2478 pro
819 2430 894 2466 tuo
927 2438 1026 2466 caro
1061 2425 1202 2479 capite

190 2497 349 2540 Carum
379 2496 533 2539 offerre
564 2510 628 2537 me
660 2510 799 2538 meum
832 2502 962 2550 caput
994 2497 1169 2538 uilitati.
1618 2507 1685 2541 230

278 2685 346 2717 214
370 2683 552 2726 incipesse
625 2682 689 2716 216
714 2683 895 2725 superiori
918 2682 1042 2716 uersati
1067 2681 1227 2716 additur.
1296 2682 1363 2714 217
1388 2691 1544 2724 cumque
1615 2681 1679 2714 221

186 2738 291 2774 Neue
413 2740 480 2773 222
504 2742 591 2773 511111
614 2739 653 2772 111
678 2742 759 2772 astu
888 2740 953 2772 226
976 2739 1159 2773 Accurate
1184 2737 1255 2771 hoc
1282 2739 1414 2781 agatur
1541 2737 1607 2771 227
1629 2736 1684 2770 111-

189 2800 380 2840 coeptares
451 2797 518 2830 230
541 2807 600 2830 1116
625 2806 688 2830 om.
