1897 3171
773 205 813 239 V.
841 206 1030 240 305—320.
1563 212 1642 251 307

159 333 290 381 addit3
327 333 578 370 verisimilius
608 333 808 372 Acidalius
840 335 983 385 aliique
1016 345 1110 385 eryo
1147 349 1219 385 pro
1263 334 1398 385 „ego“,
1441 337 1488 374 cf.
1521 337 1639 375 Most.

161 403 287 439 1101:
324 401 465 449 „Aliud
480 404 519 438 te
537 415 643 451 rogo.
677 402 755 440 TR.
780 403 901 439 Aliud
925 416 1018 452 ergo
1036 417 1138 440 nunc
1156 404 1229 439 tibi
1246 402 1503 453 respondeo“.
1536 419 1572 443 v.
1592 406 1641 442 ad

156 469 297 519 Amph.
333 471 423 508 172.
453 489 510 495 -—
551 466 660 519 Quid
691 471 733 508 tu
763 467 863 509 ais?
900 471 1138 508 Anthracem
1171 472 1398 520 alloquitur.
1444 473 1481 510 Is
1513 478 1641 511 autem

157 538 350 588 superbus
380 552 425 576 eo
457 551 496 575 se
527 538 734 576 demittere
773 553 853 577 non
889 540 994 586 vult,
1040 543 1085 577 ut
1123 553 1163 577 se
1200 541 1285 590 ipse
1322 541 1476 588 laudet3
1523 542 1641 579 inter-

157 607 323 656 rogandi
354 620 509 644 causam
547 607 693 644 nullam
727 621 808 644 esse
840 608 947 645 dicit.
1008 607 1147 656 Wagn.
1181 609 1350 645 contulit
1381 609 1542 647 Theocr.
1577 612 1641 657 22,

160 676 209 713 58
242 688 298 725 Sq.
336 675 473 724 Ἄγριος
503 672 535 710 εἷ
563 677 654 724 πρὸς
685 676 800 711 πάντα
830 678 1046 725 παλίγκοτος
1076 677 1096 721 ἢ
1127 677 1349 724 ὖπερόπτης;
1380 678 1470 715 AM.
1499 679 1642 715 Toto'trd'

158 739 232 780 οἷον
255 744 348 792 ὁρᾷς.
366 745 532 782 --3lss.
572 739 732 793 Coquos
756 741 1015 791 ozzmdimdv'S,
1049 746 1114 794 qui
1145 743 1332 782 nundinis
1361 749 1526 793 tantum,
1561 748 1643 795 qui-

158 812 229 848 bus
260 813 438 862 plerique
471 825 614 861 coquos
645 812 885 859 desiderant,
918 813 1070 849 invenit
1102 815 1167 862 qui
1199 827 1239 850 se
1271 813 1473 851 conducat.
1531 815 1642 860 Huic,

159 882 225 929 qui
254 894 356 918 nono
389 894 543 930 quoque
574 881 637 917 die
669 884 819 918 coctum
850 882 895 928 it,
927 881 1072 918 nobilis
1104 895 1252 930 coquus
1284 884 1515 931 opponitur,
1550 896 1643 932 quo-

156 949 253 986 tidie
284 953 322 985 et
352 949 400 986 ab
431 949 626 999 opulentis
656 949 887 995 hominibus,
931 951 998 998 qni
1029 952 1145 987 etiam
1177 951 1265 987 aliis
1297 951 1433 988 diebus
1466 953 1644 989 convivia

159 1020 287 1067 agant,
319 1019 518 1067 quaesitus.
587 1017 915 1055 Commemoravit
945 1018 1017 1055 hoc
1050 1019 1189 1055 Festus
1220 1033 1257 1068 p.
1295 1018 1371 1056 173
1405 1019 1428 1055 b
1459 1020 1644 1057 lacunoso

158 1086 263 1132 loco,
303 1086 371 1124 ubi
403 1087 477 1123 viri
508 1086 612 1123 docti
649 1086 814 1123 indicari
847 1089 1049 1136 putarunt,
1083 1086 1130 1122 ab
1162 1087 1250 1124 aliis
1282 1087 1358 1136 legi
1395 1088 1643 1133 „nundialem

160 1151 368 1204 coqnum“,
415 1168 582 1204 eumque
613 1154 842 1204 significari,
891 1157 958 1204 qui
997 1157 1036 1192 in
1075 1155 1375 1192 novendialibus
1416 1158 1537 1193 sacris
1580 1161 1647 1193 aut

159 1223 365 1259 silicerniis
396 1223 512 1260 vilem
544 1236 677 1260 cenam
711 1228 907 1272 coqueret.
969 1223 1080 1269 Quod
1113 1224 1193 1260 sive
1221 1224 1381 1260 Verrius
1413 1226 1508 1269 sive,
1542 1225 1645 1275 qnod

159 1293 290 1341 potius
323 1291 453 1339 credo,
484 1293 683 1329 recentior
713 1292 857 1340 aliquis
887 1293 1164 1341 grammaticus
1197 1293 1448 1339 excogitavit,
1488 1293 1647 1342 probari

159 1373 236 1396 non
259 1363 404 1409 potest.
437 1379 491 1385 --
522 1358 566 1398 m
587 1370 742 1398 ‘novumn
769 1357 888 1408 diem,
921 1373 1022 1397 nono
1048 1374 1204 1409 quoque
1229 1360 1304 1407 die,
1339 1362 1385 1398 cf.
1404 1361 1524 1398 Stich.
1546 1362 1644 1398 635:

164 1428 410 1478 „Numquam
450 1428 590 1479 edepol
627 1442 687 1466 me
717 1429 849 1465 ninom
888 1430 1096 1478 quisquam
1136 1431 1177 1466 in
1216 1430 1428 1466 crastinum
1466 1431 1649 1478 inspiciet

160 1495 301 1533 diem.“
351 1497 437 1534 Ter.
456 1497 556 1535 Eun.
577 1498 675 1535 540:
714 1498 781 1543 „In
811 1497 914 1534 hunc
945 1497 1049 1534 diem
1079 1502 1125 1533 ut
1149 1497 1197 1534 de
1222 1497 1409 1546 symbolis
1435 1498 1643 1534 essemus.“

160 1564 377 1602 Francken.
410 1586 466 1591 ——
498 1567 590 1604 317.
632 1562 748 1604 Solet
776 1564 838 1603 ire
869 1566 1037 1612 coctum,
1070 1566 1185 1602 affert
1215 1566 1366 1603 Nonius
1396 1579 1434 1616 p.
1470 1567 1561 1603 509.
1593 1586 1649 1590 —

162 1630 254 1670 Pam
278 1634 354 1670 iam
379 1635 419 1670 in
435 1635 466 1671 B
482 1648 622 1671 rasura
646 1634 906 1672 emendatum.
924 1655 980 1658 —
997 1631 1122 1672 trium
1150 1630 1380 1672 litterarum
1408 1631 1537 1681 homo,
1571 1635 1596 1672 i.
1615 1648 1646 1672 e.

160 1702 247 1748 fur,
281 1701 387 1750 quod
418 1702 548 1752 palam
580 1703 726 1740 dicitur
755 1703 935 1752 proximo
965 1716 1094 1750 versu,
1127 1716 1198 1740 nec
1229 1703 1356 1749 semel,
1390 1703 1459 1739 sed
1490 1703 1562 1740 bis.
1599 1723 1646 1727 —-

162 1771 254 1807 318.
286 1770 425 1808 Omnia
442 1771 568 1808 eidem
585 1784 762 1821 personae
781 1771 1047 1809 continuanda
1065 1785 1148 1809 esse
1164 1772 1265 1809 vidit
1283 1771 1495 1818 Acidalius,
1529 1785 1647 1821 quum

159 1838 312 1876 codices
345 1839 466 1876 verba
501 1839 654 1886 „Etiam
686 1838 785 1878 etc.“
827 1840 1021 1887 Strobilo,
1069 1840 1215 1877 Parcus
1248 1841 1394 1889 aliique
1433 1840 1647 1887 Congrioni

162 1907 374 1945 dedissent.
405 1928 461 1933 —
491 1904 735 1958 trifurcifer,
768 1910 791 1946 i.
812 1922 844 1946 e.
872 1909 1128 1945 multifariam
1158 1909 1330 1955 furcifer,
1364 1921 1399 1945 v,
1426 1908 1526 1945 Rud.
1554 1910 1647 1946 734.

162 1977 255 2022 735,
288 1976 335 2013 cf.
359 1974 520 2023 „trifur“
555 1976 659 2014 infra
691 1979 783 2024 625,
821 1975 1125 2023 „terueneficus“
1162 1977 1300 2014 Bacch.
1321 1978 1414 2014 808.
1454 1977 1582 2026 Supra
1612 1992 1647 2015 v.

161 2045 224 2081 86.
261 2041 506 2093 „triparcus“
540 2045 652 2083 Pers.
686 2046 778 2083 265.
815 2043 1143 2095 „triportentum‘⁴
1179 2045 1322 2082 Pacuv.
1359 2044 1452 2083 381.

276 2113 369 2150 319.
414 2112 516 2150 Ante
553 2113 659 2150 hunc
687 2127 842 2151 versum
873 2115 913 2151 in
945 2114 1057 2151 codd.
1091 2115 1204 2163 quasi
1235 2127 1336 2150 nova
1366 2127 1481 2151 scena
1510 2115 1648 2163 incipi-

162 2184 252 2217 ente
281 2181 588 2230 praescribuntur
617 2195 875 2232 personarum
906 2184 1065 2219 nomina
1096 2186 1146 2229 et,
1179 2182 1283 2232 quod
1314 2183 1480 2230 mireris,
1512 2187 1648 2219 tenue-

160 2252 255 2285 runt
283 2249 452 2286 editores
481 2263 605 2300 usque
635 2251 685 2287 ad
715 2251 972 2299 Wagnerum,
1015 2251 1081 2300 qui
1112 2250 1261 2288 Danzio
1300 2254 1458 2287 auctore
1496 2264 1648 2288 scenam

163 2317 415 2354 continuavit.
474 2318 582 2354 Fieri
618 2321 768 2368 potest,
814 2322 860 2356 ut
897 2320 1073 2356 convicia
1110 2319 1268 2368 incepta
1308 2319 1486 2356 Anthrax
1525 2321 1648 2356 conti-

162 2386 361 2432 nuaverit,
408 2398 643 2436 versumque
674 2400 696 2422 a
726 2386 907 2433 librario,
950 2388 1042 2436 quia
1072 2388 1148 2434 legi
1179 2401 1258 2424 non
1288 2390 1437 2437 posset,
1484 2400 1647 2424 vacuum

161 2453 340 2490 relictum
371 2454 446 2490 ista
475 2454 629 2490 ratione
659 2454 884 2492 rubricator
914 2456 1150 2504 expleverit3
1196 2455 1264 2492 sed
1295 2455 1392 2491 nihil
1424 2456 1519 2491 certi
1545 2455 1647 2492 affir-

162 2535 269 2558 mare
307 2521 444 2559 audeo.
515 2522 626 2559 Hanc
663 2523 865 2573 archetypi
902 2523 1047 2561 codicis
1085 2525 1268 2572 paginam
1308 2524 1434 2559 labem
1475 2524 1647 2571 aliquam

163 2590 413 2637 contraxisse,
444 2593 616 2639 apparet
641 2604 687 2628 ex
711 2592 860 2628 lacunis
884 2592 1053 2641 proximi
1075 2605 1223 2628 versus.
1240 2612 1295 2616 -—
1319 2588 1412 2628 hinc
1435 2594 1472 2627 et
1488 2591 1519 2626 B
1544 2595 1583 2627 et
1600 2591 1646 2636 D,

161 2661 287 2704 recte3
334 2659 451 2695 ceteri
495 2656 661 2706 ,‚hunc“,
692 2659 796 2696 unde
827 2660 913 2698 edd.
947 2673 1070 2709 usque
1110 2661 1159 2696 ad
1198 2659 1438 2696 Gronovium
1480 2672 1647 2708 „agnum

162 2722 341 2762 horum“.
371 2745 427 2750 —
456 2726 547 2764 uter
577 2730 616 2764 et
645 2728 763 2764 ceteri
795 2728 908 2765 codd.
942 2732 981 2765 et
1010 2729 1040 2764 Β
1072 2741 1118 2764 ex
1150 2726 1434 2765 emendatione.
1467 2747 1521 2751 —-
1554 2729 1646 2764 320.

163 2793 306 2830 Versus
343 2794 565 2833 lacunosus.
654 2797 819 2844 Antiqui
859 2797 1031 2833 editores
1071 2796 1329 2844 supplerunt:
1388 2809 1499 2842 „eum
1538 2809 1648 2832 sume

1313 2870 1377 2903 20*
