1897 3171
257 204 335 242 308
899 199 1100 233 Aulularia.

254 332 429 365 actutum
454 325 570 376 tibi“,
602 328 670 364 sed
695 341 765 365 nec
793 324 1019 375 ‚‚actutum“
1047 330 1194 377 aptum,
1227 340 1296 364 nec
1327 328 1367 364 in
1393 328 1476 365 solo
1502 327 1578 364 fine
1602 340 1736 365 versus

253 396 401 446 aliquid
420 396 677 442 desideratur,
709 396 777 433 sed
809 396 928 433 etiam
959 397 999 432 in
1030 396 1239 445 principiO,
1271 409 1360 432 nam
1392 396 1501 433 nulla
1527 409 1641 434 causa
1665 399 1736 443 est,

253 479 322 502 cur
358 464 589 514 imperfecta
619 464 865 513 relinquatur
895 463 1059 501 Strobili
1099 464 1244 509 orati03
1291 476 1411 512 quare
1451 478 1523 502 nos
1569 467 1738 514 utroque

252 533 337 570 loeo
378 532 499 569 verba
549 531 782 570 addidimus.
857 531 1024 569 Acidalii
1065 535 1103 567 et
1142 530 1273 568 Bothii
1312 533 1532 579 conamina,
1580 533 1612 569 si
1651 534 1738 582 quis

253 601 370 647 velit,
411 600 516 651 apud
556 603 664 650 ipsos
702 601 820 648 legat.
852 620 908 625 —
937 595 1072 645 Licet,
1111 612 1147 636 v.
1181 599 1230 636 ad
1260 600 1399 649 Amph.
1434 601 1527 638 540.
1558 620 1614 624 —
1646 601 1738 638 321.

252 666 319 706 abi
350 667 460 706 *Intro
491 682 538 706 ne
564 681 650 706 cum
677 669 786 705 hiatu
810 668 979 715 legatur,
1013 667 1258 705 Camerarius
1288 669 1416 713 „intro
1441 666 1544 706 abi“.
1571 689 1626 693 —
1654 679 1736 714 1203,

251 750 386 774 servos
419 736 619 774 adiutores
657 737 883 786 alloquitur.
915 756 971 760 --
1013 737 1104 773 322.
1137 734 1192 773 ite
1222 732 1309 782 hue,
1343 736 1566 774 emendavit
1596 736 1736 774 Luchs.

251 807 291 843 in
308 806 439 843 Herm.
471 805 581 851 VIII,
629 806 717 841 111.
778 804 874 841 Abit
911 804 1090 841 Anthrax
1131 818 1216 841 cum
1255 806 1355 850 suis3
1399 804 1568 854 Congrio
1609 808 1739 841 manet

252 888 336 911 cum
368 873 543 911 Strobilo
575 873 622 910 de
654 877 757 909 sorte
790 886 859 909 sua
890 872 1224 922 expostulaturus.

367 944 458 979 324.
503 938 701 990 βίη-(μύων
733 936 916 978 tibicina.
970 940 1242 990 Philargyrius
1281 940 1329 977 acl
1360 940 1476 988 Vei-g.
1511 940 1648 990 Georg.
1689 941 1736 987 II,

255 1012 330 1048 193
364 1011 444 1047 haec
475 1010 640 1047 laudans
673 1008 845 1059 explicat
879 1022 988 1059 „quae
1020 1013 1183 1059 propter
1214 1008 1370 1046 assidua
1403 1008 1593 1046 sacrificia
1625 1010 1733 1058 ping-

251 1080 423 1125 uescit··;
470 1078 606 1128 quales
636 1090 759 1125 nugas
797 1077 933 1115 nolens
973 1081 1122 1126 repeto.
1155 1097 1210 1102 >—
1242 1078 1334 1115 327.
1382 1074 1556 1114 detrusti
1585 1077 1735 1114 Acidal.

251 1161 323 1185 em.
362 1167 410 1172 -
447 1148 539 1183 328.
573 1146 717 1183 Versus
747 1147 837 1182 olim
870 1145 1092 1182 emendatus
1125 1159 1170 1182 ex
1202 1145 1332 1183 Nonio
1362 1160 1400 1195 p.
1439 1146 1536 1182 164:
1580 1141 1739 1192 „Raetis

251 1219 312 1253 est
342 1216 527 1252 ram-itas.
589 1214 753 1251 Plautus
783 1214 991 1251 Aulularia
1024 1212 1076 1261 (h.
1098 1210 1153 1263 l.).
1212 1214 1319 1251 Idem
1351 1214 1573 1251 Cistellaria
1601 1211 1735 1260 (254):

249 1283 488 1334 Expurgabo
533 1283 663 1320 hercle
709 1284 840 1320 omnia
885 1282 935 1319 ad
979 1295 1136 1320 raucam
1179 1280 1344 1320 rauim.“
1415 1282 1586 1319 Verbum
1631 1285 1737 1319 extat

249 1352 368 1390 Poen.
402 1353 503 1390 781:
563 1351 715 1401 „Nego‚
755 1355 793 1388 et
824 1350 1025 1399 negando,
1065 1351 1096 1387 si
1128 1351 1224 1400 quid
1254 1351 1394 1397 refert,
1436 1349 1587 1388 rauio“.
1647 1350 1735 1387 Vid.

250 1419 506 1459 Studemund.
539 1421 579 1457 in
610 1420 741 1457 Herm.
774 1419 803 1468 I,
835 1432 871 1469 p.
909 1418 1001 1457 298.
1071 1418 1235 1456 Versum
1270 1420 1410 1456 iterum
1443 1419 1556 1456 affert
1586 1419 1736 1455 Nonius

248 1504 286 1539 p.
322 1490 423 1536 3743
456 1489 569 1539 plura
599 1489 738 1526 Festus
770 1488 953 1534 dederat,
986 1487 1051 1525 sed
1084 1487 1191 1524 loeus
1225 1486 1279 1537 (p.
1299 1489 1379 1525 274
1412 1485 1450 1535 a)
1484 1489 1600 1524 nimis
1632 1488 1736 1524 lacu-

250 1572 367 1596 nosus
392 1562 462 1595 est.
483 1577 531 1582 —
560 1559 652 1594 329.
688 1553 849 1595 Stultus
875 1566 928 1603 es,
961 1556 1028 1605 qui
1058 1569 1137 1593 non
1167 1556 1376 1605 intelligas,
1409 1559 1602 1605 quantum
1634 1569 1735 1593 com-

248 1626 354 1664 modi
395 1628 435 1663 in
472 1626 544 1663 hac
584 1639 626 1662 re
666 1627 773 1663 insit.
849 1624 912 1663 Sic
942 1625 1099 1675 scripsi,
1140 1639 1229 1662 nam
1271 1624 1377 1674 quod
1415 1624 1527 1663 codd.
1560 1624 1735 1673 praebent

253 1695 429 1742 „Stultus
467 1698 507 1731 et
538 1697 620 1732 sine
651 1695 779 1744 gratia
809 1691 872 1732 es“
909 1697 1136 1744 corruptum
1168 1696 1246 1741 est,
1285 1695 1456 1743 primum
1495 1694 1587 1742 quia
1623 1693 1736 1729 homo

248 1761 341 1801 Sine
368 1760 505 1813 qratia
535 1765 567 1800 si
599 1763 675 1800 dici
706 1766 855 1813 potest,
895 1766 955 1800 est
991 1762 1106 1799 homo
1146 1763 1207 1799 cui
1240 1762 1346 1799 nulla
1378 1762 1506 1810 gratia
1534 1761 1735 1807 tribuitur,

248 1846 326 1870 non
357 1833 424 1882 qui
455 1832 602 1869 nullam
634 1832 802 1878 gratiam
832 1831 969 1878 habet,
1012 1831 1153 1868 deinde
1191 1831 1284 1879 quia
1322 1831 1526 1880 sequentia
1566 1830 1737 1877 intelligi

247 1915 325 1938 non
364 1904 542 1950 possunt.
618 1900 719 1937 Nam
757 1899 842 1936 fieri
881 1913 956 1936 non
995 1902 1126 1949 potest
1164 1902 1208 1936 ut
1248 1895 1341 1936 Tibi
1378 1898 1484 1936 ‘recte
1514 1894 1649 1946 facere
1685 1899 1737 1935 sit

252 1969 365 2015 „Tibi
396 1973 502 2006 recte
534 1967 684 2006 faci0?“
718 1972 763 2005 ut
794 1968 879 2005 vult
911 1968 1183 2004 Lachmannus
1215 1967 1263 2004 ad
1294 1967 1451 2004 Lucret.
1483 1981 1522 2017 p.
1557 1968 1629 2014 74,
1670 1971 1738 2004 aut

252 2037 363 2083 „Tibi
395 2040 501 2073 recte
533 2038 660 2074 faeere
700 2049 935 2086 quemquam
974 2033 1158 2085 oportet?
1196 2039 1263 2073 aut
1304 2036 1510 2086 quisquam
1549 2033 1733 2084 potest‘?“

247 2105 367 2142 Recte
397 2106 473 2142 iam
503 2105 655 2142 librarii
687 2105 845 2154 quidam
878 2102 1116 2141 deteriorum
1149 2104 1326 2141 codicum
1364 2104 1570 2150 viderunt,
1611 2102 1736 2141 infini-

246 2175 369 2211 tivum
418 2173 464 2210 ab
512 2172 835 2210 antecedentibus
883 2173 1079 2223 pendere,
1135 2172 1462 2222 scribendumque
1508 2186 1591 2209 esse
1638 2168 1738 2210 Sine

246 2240 385 2292 qratia
417 2242 478 2279 est
507 2243 531 2279 i.
559 2254 591 2279 e.
624 2243 819 2290 ingratum
853 2245 911 2278 est
943 2239 1006 2289 (cf.
1025 2241 1073 2278 ad
1095 2241 1235 2291 Amph.
1256 2238 1327 2288 48)
1358 2240 1434 2278 tibi
1465 2240 1563 2278 bene
1594 2240 1734 2286 facere,

248 2311 430 2360 quoniam
461 2309 651 2347 beneficia
682 2323 758 2346 non
790 2311 978 2359 agnoscis.
1041 2310 1152 2356 Quod
1184 2309 1300 2346 iidem
1332 2309 1485 2346 librarii
1520 2307 1731 2356 ‚‚stultum“

246 2380 507 2428 scripserunt,
547 2379 677 2415 versui
715 2382 933 2427 repugnat;
980 2378 1092 2415 nobis
1136 2378 1381 2428 probabilius
1419 2377 1577 2415 videtur
1615 2388 1657 2416 es
1695 2379 1736 2414 in

252 2445 335 2493 „et“
372 2450 600 2496 corruptum
631 2459 726 2483 esse.
786 2446 894 2483 reete
923 2442 1058 2494 facere
1088 2452 1217 2483 autem
1249 2447 1285 2483 h.
1318 2447 1342 2484 l.
1376 2450 1436 2483 est
1463 2446 1561 2484 bene
1593 2447 1732 2492 facere,

246 2519 291 2551 ut
329 2514 422 2551 alibi
460 2514 606 2552 dicitur
648 2517 775 2561 „recte
813 2513 912 2551 est“.
982 2514 1057 2551 Pro
1098 2511 1189 2552 Tibi
1227 2514 1331 2564 quod
1370 2514 1565 2552 editorum
1597 2527 1736 2564 magna

246 2597 337 2632 pars
371 2581 478 2631 „Ibi“
521 2582 828 2629 substituerunt,
868 2585 1016 2619 temere
1054 2587 1228 2630 egerunt.
1262 2603 1317 2608 —-
1351 2581 1469 2632 perit.
1517 2582 1733 2619 Francken.

248 2651 294 2688 cf.
315 2651 442 2688 Catul.
469 2652 533 2698 76,
567 2653 611 2688 9:
664 2650 826 2697 „Omnia
856 2664 941 2699 quae
972 2651 1134 2700 ingratae
1165 2653 1366 2701 perierunt
1396 2651 1545 2688 credita
1574 2649 1733 2688 menti“.

246 2739 301 2743 —-
335 2721 426 2757 331.
459 2717 499 2756 in
534 2733 667 2757 errore
692 2734 738 2756 ex
763 2719 1007 2756 antecedenti
1035 2731 1074 2757 m
1099 2725 1229 2756 ortum
1255 2734 1348 2767 esse,
1383 2720 1475 2757 olim
1493 2719 1734 2756 intellectum
