1897 3171
806 196 837 229 V
873 197 994 230 6-18.
1562 204 1640 242 375

152 324 365 376 {nyenium
403 323 447 364 in
485 337 623 365 scamno
661 340 743 363 esse
782 326 947 371 dicitur,
994 325 1038 362 R.
1073 326 1236 362 contulit
1277 328 1369 364 t'ist.
1405 330 1503 366 204:
1563 331 1642 370 ..ita

157 395 334 432 nubilam
371 398 537 431 mentem
577 396 695 431 animi
732 391 898 431 hab‘eo‘'·.
976 393 1090 442 Epid.
1136 395 1233 431 523:
1293 409 1437 443 „pauor
1481 399 1639 434 territat

158 467 328 500 mentem
359 461 518 500 animi“.
593 459 806 500 Modicum
842 462 1061 508 ingenium,
1108 467 1151 497 ut
1185 463 1240 498 ait
1270 463 1390 509 idem,
1438 466 1461 501 i.
1496 478 1527 501 e.
1561 479 1639 502 mo-

157 531 327 577 destum,
376 532 592 580 opponitur
629 527 795 575 vernili,
837 530 861 566 i.
895 542 925 565 e.
958 530 1114 578 procaci
1153 534 1191 566 et
1223 518 1453 567 lascivienti.
1487 552 1542 556 —
1578 535 1638 570 13.

157 594 323 636 limaces
353 595 448 636 w'ri.
508 598 756 635 Adiectivum
796 611 816 633 a
856 597 947 633 lima
986 597 1145 633 ductum
1185 611 1272 634 eum
1312 598 1524 645 significat,
1573 602 1638 649 qui

155 666 374 704 identidem
400 668 536 703 atterit
559 666 720 715 aliquid.
766 665 810 701 In
838 664 1068 702 Cistellariae
1092 679 1127 702 v.
1156 666 1234 702 298
1268 679 1324 715 sq.
1360 664 1501 713 (Varro
1532 668 1576 705 L.
1596 669 1638 706 L.

156 734 240 780 VII,
275 732 344 781 64)
388 735 587 781 „limaces,
627 734 777 779 liuidae,
819 733 1060 779 diobolares,
1101 733 1375 776 schoeniculae,
1416 735 1637 773 miraculae“

153 804 381 840 meretrices
413 803 596 840 dicuntur
626 815 702 838 11011
735 815 880 847 01111105,
914 802 982 838 sed
1014 801 1263 848 foedissimae,
1297 815 1382 850 quae
1416 817 1500 839 cum
1532 804 1641 840 lima-

155 870 281 917 cibus,
314 871 449 908 bestiis
478 875 623 907 terram
656 870 905 915 limantibus,
939 873 1226 918 comparantur.
1308 870 1507 916 „Limaces
1539 870 1637 908 11111ιι

1250 935 1268 953 “
1305 938 1507 975 dicendum
1543 944 1640 977 erat.

156 940 381 975 meretrices
413 938 490 976 dici
521 952 599 976 non
630 942 815 988 possunt3
863 938 999 974 saltem
1044 939 1243 985 „uirorum

154 1006 194 1044 Si
224 1004 308 1044 uiri
337 1007 509 1055 genetivi
542 1020 650 1043 casus
683 1010 754 1052 est,
788 1007 894 1043 aliud
926 1006 1143 1043 subiectum
1169 1006 1404 1043 audiendum
1430 1011 1501 1054 est,
1534 1008 1641 1045 velut

155 1088 274 1121 curae,
323 1088 408 1124 quae
439 1074 486 1111 ab
527 1075 613 1111 aliis
645 1074 781 1111 edaces
814 1075 1015 1120 dicuntur3
1063 1074 1129 1110 sed
1175 1075 1308 1123 potius
1354 1076 1640 1113 nominativum

149 1156 236 1180 esse
268 1143 395 1190 credo,
427 1146 472 1180 ut
502 1142 774 1191 significentur
803 1144 878 1179 viri
910 1143 1076 1179 alterum
1109 1145 1336 1189 atterentes,
1371 1144 1507 1192 quales
1540 1158 1574 1181 v.
1610 1158 1640 1182 0.

152 1216 241 1248 sunt
272 1212 451 1261 parasiti.
511 1211 714 1248 Eiusmodi
753 1210 975 1247 hominibus
1007 1210 1244 1247 Pistoclerus
1283 1212 1341 1247 uti
1380 1225 1457 1248 non
1496 1214 1640 1262 potuit.

152 1299 208 1304 —
243 1280 305 1317 14.
351 1279 448 1317 Eam
479 1293 518 1316 se
549 1292 726 1328 quaerere
760 1279 872 1325 dicit,
920 1291 1005 1328 quae
1047 1278 1222 1315 sodalem
1261 1292 1369 1315 suum
1405 1293 1556 1326 amore,
1604 1294 1644 1317 se

153 1348 418 1397 investigandi
450 1348 584 1384 labore
615 1347 767 1395 fatiget.
822 1346 964 1383 Cretici
995 1347 1147 1383 numeri
1179 1350 1279 1384 sunt.
1313 1367 1368 1379 ÷—
1404 1349 1464 1385 15.
1499 1348 1643 1385 Cretici

155 1416 217 1453 vel
261 1416 459 1453 bacchiaci
512 1417 675 1452 numeri.
764 1415 1000 1452 Pistoclerus
1046 1414 1279 1451 Bacchidem
1328 1415 1432 1464 apud
1477 1417 1643 1453 militem

152 1484 357 1531 degentem
392 1485 585 1521 invenisse
617 1485 795 1529 videtur,
836 1483 903 1520 sed
941 1483 1134 1532 quomodo
1175 1496 1259 1519 eam
1290 1483 1380 1519 inde
1413 1483 1544 1520 eliciat
1577 1488 1642 1521 aut

153 1565 229 1601 qua
246 1553 398 1588 ratione
422 1552 521 1588 illud
545 1552 743 1601 oppidum,
770 1555 794 1589 i.
813 1565 846 1589 e.
865 1552 1040 1597 militem,
1068 1565 1291 1600 expugnare
1308 1553 1443 1600 possit,
1473 1553 1641 1601 ignorat,

152 1634 241 1656 nam
267 1633 372 1666 vera,
401 1633 479 1657 non
502 1617 720 1667 subditiva,
746 1621 807 1657 ie.
826 1620 935 1664 salsa,
964 1621 1091 1667 gloria
1116 1620 1193 1655 frui
1220 1620 1448 1657 arbitratur.
1498 1617 1643 1669 IVeqlce

151 1685 264 1725 leam?
299 1676 398 1725 nihil
436 1688 542 1725 aliud
588 1693 644 1725 est
686 1702 802 1737 quam
847 1686 1038 1737 „neque“,
1087 1687 1133 1725 cf.
1183 1688 1286 1724 infra
1329 1688 1449 1726 1034.
1524 1688 1641 1738 Epid.

154 1757 252 1793 654:
303 1769 454 1805 „neque
492 1756 559 1793 ille
600 1756 704 1793 haud
735 1756 893 1793 obiiciet
924 1754 1060 1793 mihist
1121 1756 1224 1793 Men.
1261 1757 1359 1793 364:
1413 1770 1563 1805 „neque
1602 1756 1643 1792 id

150 1824 255 1861 haud
292 1825 477 1861 inmerito
516 1823 622 1861 tuost·
697 1824 804 1862 Pers.
841 1826 938 1861 535:
1001 1837 1150 1873 „neque
1192 1824 1288 1861 mihi
1326 1824 1430 1861 haud
1469 1826 1642 1873 inperito

151 1890 345 1930 eueniet“.
413 1893 499 1930 Ter.
539 1893 661 1929 Andr.
703 1894 804 1930 205:
855 1892 1015 1942 „Neque
1061 1896 1106 1929 tu
1152 1892 1258 1929 haud
1299 1892 1402 1929 dices
1442 1893 1514 1929 tibi
1560 1907 1641 1930 non

149 1959 438 2011 praedictum&
501 1961 543 1998 V.
576 1961 726 1998 Ritsch.
760 1960 901 2010 Opusc.
934 1961 983 2007 II,
1016 1975 1054 2010 p.
1090 1962 1182 1998 335.

269 2031 330 2067 16.
364 2029 526 2067 Bacchis
557 2029 816 2067 Pistoclerum
851 2029 1068 2078 alloquitur
1100 2033 1151 2075 et,
1193 2029 1286 2077 quid
1326 2035 1487 2078 quaerat,
1522 2031 1641 2066 inter-

150 2102 277 2146 rogat.
328 2098 438 2144 Quod
469 2098 537 2135 ubi
563 2099 754 2147 cognovit,
787 2097 1019 2135 Bacchidem
1043 2097 1162 2144 illam,
1197 2111 1312 2147 quam
1339 2103 1499 2147 quaerat,
1533 2111 1643 2134 suam

150 2167 206 2202 ait
237 2179 411 2203 sororem
442 2168 634 2215 geminam
668 2179 751 2202 esse
784 2170 822 2202 et
854 2166 989 2202 eodem
1021 2167 1177 2202 nomine
1218 2165 1476 2215 appellatam,
1526 2179 1640 2214 quam

148 2248 269 2284 quum
300 2235 467 2271 maxime
498 2238 695 2284 expectet,
739 2234 845 2283 quod
877 2235 907 2270 si
939 2233 1055 2283 paulo
1088 2238 1177 2283 post
1208 2234 1336 2271 redire
1368 2234 1482 2280 velit,
1516 2235 1641 2282 ipsam

149 2302 352 2351 adspicere
393 2306 431 2339 et
470 2303 676 2339 convenire
715 2299 839 2350 posse.
909 2302 1156 2339 Adiectivum
1198 2299 1456 2351 σοφῐθηιῖηῖε
1495 2302 1642 2348 legitur

148 2371 266 2407 etiam
298 2371 400 2407 infra
430 2384 465 2407 v.
501 2371 572 2416 373
604 2370 642 2407 h.
674 2370 699 2407 1.
733 2370 955 2416 genetivum
987 2370 1221 2407 obiectivmn
1254 2370 1329 2406 sibi
1362 2369 1553 2406 adsciscit.
1586 2389 1641 2393 —-

154 2440 201 2475 17
239 2452 315 2487 quo
354 2439 574 2488 pertineat,
622 2441 813 2475 incertum
855 2441 925 2475 est.
993 2438 1230 2475 Ritschelius
1271 2452 1356 2475 cum
1396 2451 1431 2474 v.
1468 2438 1516 2474 32
1553 2449 1638 2473 con-

149 2507 293 2552 iunxit,
341 2519 416 2556 quo
455 2507 678 2556 anteposito
716 2506 938 2543 trochaicus
983 2508 1229 2555 septenarius
1272 2506 1451 2542 efficitur.
1515 2504 1638 2540 Lade-

149 2575 285 2623 wigius
319 2573 543 2621 (Philol.II‚
575 2588 613 2624 p.
635 2573 730 2621 361)
763 2571 834 2611 tibi
864 2574 1112 2611 scribendum
1145 2577 1286 2618 censet,
1321 2573 1487 2608 fortasse
1520 2575 1636 2617 recte,

150 2643 196 2679 cf.
230 2655 315 2691 quae
347 2643 396 2679 ad
427 2642 567 2691 Amph.
603 2643 681 2680 360
715 2643 932 2681 attulimus

269 2712 329 2747 18.
387 2711 596 2759 Postquam
644 2710 740 2747 abiit
785 2711 1041 2756 Pistoclerus,
1089 2709 1247 2746 advenit
1295 2708 1416 2744 altera
1464 2707 1638 2743 Bacchis.

149 2777 310 2815 Bacchis
337 2778 468 2815 Attica
501 2768 672 2816 sororem
705 2780 883 2828 queritur
913 2792 1051 2828 parum
1082 2777 1237 2813 florenti
1271 2777 1399 2824 specie
1432 2788 1637 2824 apparere,
