1897 3171
744 177 784 211 v.
815 178 1004 211 528—556.
1528 181 1609 219 495

122 309 282 358 Protag.
302 307 381 346 310
400 308 453 345 D:
488 309 530 344 ἂν
554 307 646 355 αὐτῷ
669 306 770 354 διδῷς
802 306 972 355 ἀργύριον
1003 306 1062 342 καὶ
1087 308 1217 354 πεῖθῃς
1245 309 1384 342 ἐκεῖνον.
1430 306 1610 356 Xenoph.

125 377 267 427 Cyrop.
299 376 365 424 IV,
399 378 434 423 2,
472 377 540 413 12:
574 373 682 418 εἶπεν,
715 375 767 411 ὅτι
796 374 984 424 ἡγήσοιντο
1014 377 1078 423 μὲν
1109 374 1226 416 αὐτοῖς
1257 374 1291 410 οῖ
1322 375 1432 417 πεζοὶ,
1463 377 1614 416 ἐκείνους

123 447 161 483 δὲ
192 445 352 482 ἕπεσθαι
384 446 449 482 aiv
479 448 550 487 τοῖς
579 444 706 485 ἵπποις
737 444 905 485 ἐκέλευσε,
936 442 987 480 ib.
1017 445 1052 489 5,
1087 444 1157 480 20:
1194 443 1290 487 ἡνίκα
1321 443 1355 478 οῖ
1385 444 1480 490 φίλοι
1507 444 1614 480 αὐτοῦ

121 516 202 556 τοὺς
232 516 364 550 ἐκείνου
394 515 553 562 ἐχθροὺς
584 512 834 549 ἀπολλύουσιν.
867 510 915 547 al.
946 530 998 535 —
1029 509 1146 549 (curis
1176 507 1384 557 inmitia&
1418 511 1464 549 cf.
1497 511 1611 560 Epid.

125 584 225 621 331:
276 595 426 632 „neque
466 593 538 629 ego
586 581 627 618 id
666 581 819 617 inmitto
858 579 900 615 in
940 580 1044 617 auris
1083 577 1228 624 meas³‘,
1276 579 1342 615 sed
1382 581 1613 629 praepositio

122 654 241 689 etiam
273 652 403 688 omitti
434 652 582 698 potest,
623 649 668 687 cf.
700 649 808 686 Pers.
842 649 913 685 71:
966 648 1213 698 „quempiam
1244 648 1384 684 iniexit
1414 646 1611 685 manum“.

121 719 278 757 Trucul.
314 719 413 756 749:
451 721 512 764 „te
542 730 701 754 manum
733 714 932 754 iniciam“.
989 716 1103 753 Lucr.
1136 715 1166 762 I,
1205 716 1301 752 117:
1340 729 1412 761 „an
1443 715 1615 765 pecudes

122 789 217 826 alias
263 787 456 823 diuinitus
493 786 666 823 insinuet
704 784 786 824 se“.
828 805 882 810 -
923 786 1014 822 545.
1064 781 1133 832 qui
1178 783 1386 832 spectatur,
1433 780 1612 831 morbus,

122 856 330 895 comitialis
363 856 442 891 sive
474 855 666 903 ἐπιληψία,
696 867 807 900 nam,
841 857 886 890 ut
918 853 1070 890 Plinius
1103 853 1157 888 ait
1187 851 1370 898 XXVIII,
1404 853 1440 899 4,
1476 854 1511 899 7,
1548 854 1612 899 35,

125 925 377 973 „despuimus
409 922 618 960 comitialis
649 921 820 967 morbos,
853 921 891 959 h.
914 935 945 958 e.
981 921 1162 969 contagia
1192 920 1458 969 1·egerimus“;
1490 921 1536 957 cf.
1565 921 1612 967 X,

122 994 193 1039 23,
228 993 300 1038 33,
335 992 407 1029 69:
458 989 735 1038 „(coturni0es)
775 990 1013 1027 comitialem
1051 992 1217 1038 propter
1256 988 1434 1025 morbum
1476 989 1614 1038 despui

120 1057 315 1099 suetum“.
398 1058 595 1108 Theophr.
636 1058 748 1096 Char.
793 1059 862 1096 16:
912 1058 1124 1106 μαινόμενόν
1164 1071 1200 1092 τε
1237 1056 1320 1092 ἰδὼν
1361 1058 1379 1102 ἢ
1420 1059 1615 1102 ἐπίληπτον

120 1131 248 1178 φρίξας
278 1127 326 1170 εἷς
357 1129 490 1164 κόλπον
521 1128 663 1163 πτύσαι,
723 1127 840 1176 Apul.
875 1126 921 1163 de
963 1127 1091 1175 magia
1125 1126 1187 1162 52.
1222 1126 1270 1163 al.
1334 1125 1460 1171 Quum
1492 1126 1612 1174 igitur

119 1197 280 1248 proprie
309 1199 472 1245 propter
502 1195 682 1232 morbum
721 1195 841 1241 hunc,
901 1207 1021 1244 quum
1061 1207 1147 1231 eum
1180 1193 1393 1239 vidissent,
1442 1194 1615 1230 homines

120 1266 201 1303 sive
232 1266 273 1302 in
303 1277 414 1301 suum
446 1265 573 1301 sinum
605 1265 685 1301 sive
716 1265 757 1301 in
787 1266 934 1299 terram
969 1265 1193 1312 sputarent,
1234 1266 1278 1299 ut
1313 1261 1458 1299 foedum
1489 1263 1615 1299 visum

121 1338 161 1371 et
185 1333 404 1382 contagium
431 1332 762 1378 abominarentur,
796 1343 885 1367 mox
914 1332 1033 1367 etiam
1048 1331 1131 1379 ipse
1156 1330 1314 1367 morbus
1341 1329 1480 1379 despui
1512 1330 1614 1367 dice-

119 1402 255 1448 batur,
300 1414 372 1438 nec
416 1401 544 1438 minus
591 1401 658 1450 qui
696 1400 770 1437 hoc
819 1399 956 1436 morbo
1005 1398 1228 1436 laborabat.
1305 1397 1407 1444 Quin
1453 1399 1615 1445 aegrotis

118 1470 214 1519 ipsis
259 1473 418 1518 sputum
457 1469 624 1505 aliorum
663 1468 835 1505 salutare
875 1480 960 1504 esse
1002 1467 1213 1512 creditum,
1262 1480 1309 1503 ex
1346 1479 1421 1504 vss.
1457 1467 1534 1503 548
1578 1470 1616 1503 et

125 1539 202 1576 550
235 1540 410 1587 apparet.
482 1534 551 1586 qui
581 1540 712 1573 autem
742 1536 780 1575 h.
812 1536 837 1574 1.
871 1549 949 1572 non
980 1536 1247 1573 nominativus
1290 1538 1368 1580 est,
1410 1548 1480 1571 nec
1513 1535 1612 1570 enim

122 1606 287 1655 simplex
310 1605 471 1642 verbum
496 1604 672 1651 eandem,
707 1618 822 1653 quam
849 1604 1074 1653 composita,
1107 1603 1361 1639 transitivam
1388 1603 1463 1639 vim
1482 1602 1612 1647 habet,

122 1674 191 1711 sed
216 1673 420 1719 ablativus,
439 1676 603 1723 propt-er
624 1685 751 1721 quem,
781 1672 827 1710 cf.
848 1673 942 1711 466.
959 1691 1014 1696 —
1029 1672 1120 1708 546.
1154 1671 1254 1707 Ante
1281 1667 1447 1708 recedas
1470 1671 1615 1718 positio

121 1742 346 1791 negligitur,
380 1741 424 1778 cf.
444 1741 627 1788 Prolegg.
645 1754 683 1790 p.
704 1741 797 1778 204.
851 1740 909 1778 Fl.
934 1738 1169 1789 ,‚apscedas“
1192 1738 1250 1776 ed.
1277 1758 1331 1763 —-
1371 1733 1504 1783 Ultro,
1537 1739 1562 1774 i.
1582 1751 1614 1774 e.

122 1822 258 1860 apage,
290 1822 325 1846 V.
359 1809 409 1846 ad
439 1809 580 1859 Amph.
616 1809 708 1847 316.
741 1829 796 1833 -
830 1809 922 1846 548.
957 1808 1002 1845 zet
1032 1805 1102 1856 qui
1134 1821 1169 1844 v,
1197 1808 1290 1844 242.
1321 1825 1377 1830 --
1408 1816 1471 1843 me
1501 1805 1614 1842 codd.

123 1891 208 1916 cum
239 1877 351 1914 hiatu
380 1879 422 1914 in
453 1877 630 1923 diaeresi3
674 1873 810 1924 „1ned“
848 1876 935 1913 edd.
970 1881 1009 1912 et
1048 1875 1197 1912 Ritsch.
1225 1874 1333 1911 Neue
1365 1873 1459 1911 Exc.
1485 1887 1522 1923 p.
1549 1875 1615 1911 45.

122 1967 177 1971 -—
218 1947 309 1984 550.
354 1942 436 1996 fuit
464 1947 593 1996 prima
624 1945 761 1993 longa,
801 1958 836 1982 v.
870 1944 920 1981 ad
952 1945 1045 1981 261.
1086 1963 1141 1967 --
1182 1940 1233 1980 iis
1270 1943 1333 1979 vel
1369 1940 1407 1980 is
1440 1942 1615 1979 Lindem.

123 2028 196 2051 em.
262 2013 326 2061 „Si
358 2013 456 2051 duae
488 2014 779 2050 enuntiationes
809 2013 983 2050 relativae
1016 2011 1063 2048 ad
1095 2010 1258 2047 eandem
1283 2013 1485 2048 notionem
1510 2023 1616 2060 spec-

122 2085 221 2129 tant»,
255 2086 438 2119 constans
462 2081 525 2119 hic
552 2085 612 2118 est
634 2095 727 2118 usus
755 2085 794 2118 et
819 2080 1044 2118 Graecorum
1070 2082 1109 2116 et
1135 2081 1354 2129 priscorum
1373 2078 1616 2124 Latinorum,

123 2155 169 2188 ut
199 2150 317 2187 semel
338 2153 493 2187 tantum
515 2154 688 2200 ponatur
713 2150 942 2195 relativum,
975 2150 1016 2185 in
1039 2148 1163 2185 altera
1187 2152 1319 2184 autem
1343 2147 1616 2183 enuntiatione

124 2222 193 2257 aut
223 2219 374 2256 nullum
403 2231 623 2268 pronomen
662 2222 730 2254 aut
760 2230 976 2266 pronomen
1014 2217 1142 2253 tertiae
1174 2228 1349 2264 personae
1389 2211 1616 2264 sequatur“.

124 2287 254 2325 Holtz.
292 2286 454 2336 Syntax.
494 2287 612 2336 prisc.
653 2298 724 2323 scr.
766 2285 867 2324 Lat..
892 2285 929 2332 I,
968 2298 1006 2335 p.
1050 2285 1142 2322 389.
1184 2303 1233 2309 —
1285 2284 1377 2320 551.
1430 2278 1539 2330 Quid
1576 2281 1619 2318 ίιι

126 2351 289 2393 autem?
333 2356 388 2392 sic
427 2360 534 2391 recte
565 2354 810 2402 interpunxit
842 2353 958 2391 Both.
1035 2350 1182 2399 etiam,
1229 2365 1264 2389 v.
1299 2350 1348 2388 ad
1379 2351 1488 2387 Asin.
1524 2350 1617 2386 670.

124 2442 180 2448 -
220 2423 312 2460 552.
351 2420 552 2468 intuitur,
599 2422 727 2458 tertiae
768 2422 1056 2471 coningationis
1095 2420 1261 2456 formam
1293 2418 1470 2455 restituit
1500 2417 1617 2454 Both.

127 2491 174 2528 cf.
213 2490 322 2528 Asin.
368 2491 459 2528 123.
540 2489 689 2527 Eodem
733 2489 851 2527 modo
899 2494 1072 2527 erratum
1116 2492 1174 2525 est
1218 2486 1375 2523 Trucul.
1427 2486 1517 2523 591.
1566 2504 1620 2508 —

130 2559 221 2596 553.
267 2557 413 2595 Versus
459 2571 574 2595 causa
618 2561 686 2594 aut
737 2568 808 2607 690
860 2562 928 2595 aut
980 2553 1053 2595 tibi
1101 2554 1312 2592 delendum
1361 2557 1431 2589 est.
1515 2551 1619 2588 Illud

126 2626 256 2673 Both.,
287 2626 360 2663 hoc
390 2626 450 2664 Fl.
482 2626 632 2663 maluit.
663 2645 720 2651 -—
753 2627 843 2664 555.
889 2623 998 2675 Quin
1029 2625 1122 2662 olim
1154 2636 1225 2660 em.
1261 2641 1315 2646 —
1356 2621 1447 2658 556.
1490 2616 1622 2657 Haud

125 2691 219 2732 uidi
247 2691 400 2744 mayis,
440 2707 491 2732 so.
524 2695 592 2744 qui
622 2694 768 2732 sodalis
799 2695 870 2741 sit,
903 2695 1070 2738 ironice,
1104 2705 1140 2729 v.
1174 2690 1224 2727 ad
1254 2689 1397 2738 Amph.
1435 2690 1527 2726 672.
1564 2706 1620 2712 —
