1897 3171
292 198 373 237 438
932 193 1143 228 Bacchides.

292 326 397 362 fecit.
472 323 623 360 Deinde
662 323 821 360 turbato
860 337 1042 361 versuum
1084 324 1222 360 ordine
1260 324 1349 360 huic
1388 324 1588 373 subiungit
1619 339 1653 362 v.
1688 326 1779 370 990,

293 397 376 430 tum
410 394 510 438 991,
559 391 625 428 sed
657 392 712 428 ita
742 395 787 429 ut
817 393 969 429 ineunti
1007 393 1137 429 versui
1174 390 1351 438 „Aderoe‘
1396 407 1441 429 ex
1474 394 1576 439 988,
1625 393 1782 429 exeunti

295 458 427 507 „Uah‘”
464 460 604 507 addat3
636 463 720 497 tum
738 462 840 507 9933
873 460 1014 497 deinde
1041 461 1120 498 992
1147 460 1354 498 iambicum
1377 462 1632 507 octonarium,
1666 473 1778 509 quem

290 528 349 566 Fl.
382 532 438 566 sic
468 529 710 566 trochaicum
742 529 852 566 facit:
897 528 1006 577 „Hoc
1038 541 1107 577 age
1147 542 1248 565 nunc
1285 529 1374 566 iam.
1429 528 1508 566 CH.
1547 528 1624 567 Ubi
1654 529 1779 574 lubet,

290 599 412 635 recita
443 599 515 634 sis:
563 597 636 634 tibi
675 597 760 634 dico
801 600 953 635 aurium
997 595 1206 647 operam“;
1252 601 1456 647 postremo
1498 598 1575 634 988
1617 600 1655 650 et
1686 599 1779 634 989.

290 666 370 703 Nos
412 665 562 703 codices
602 667 725 703 secuti
764 679 907 712 sumus,
948 666 1023 702 nisi
1064 665 1168 714 quod
1208 678 1255 702 ex
1296 665 1448 703 duobus
1486 665 1664 703 versibus
1702 668 1781 701 tres

291 736 462 781 fecimus,
498 736 576 771 986
610 734 767 772 dimetr.
800 734 924 771 troch.
959 733 1094 780 catal.,
1145 735 1223 771 987
1265 735 1487 771 trimetrum
1527 733 1780 779 trochaicum,

293 804 371 841 988
413 804 680 851 septenarium
719 802 972 840 trochaicum.
1006 822 1060 826 —
1094 803 1186 839 987.
1236 799 1406 850 Taceas,
1446 802 1492 840 cf.
1524 802 1628 838 infra
1664 802 1781 838 1152.

291 872 399 909 Asin.
435 872 527 908 673.
585 871 703 908 Most.
738 870 830 908 381.
864 890 918 895 ——
951 871 1043 907 988.
1077 867 1147 908 Eu
1179 884 1224 907 ex
1256 870 1295 907 C.
1329 870 1363 907 D
1394 869 1662 919 recipiendum
1695 869 1782 916 fuit,

292 937 575 988 nam-„Euge“
611 939 870 989 adprobantis
903 942 941 975 et
971 939 1176 988 gaudentis
1210 943 1288 986 est,
1322 939 1419 976 illud
1452 940 1545 985 eius,
1580 939 1646 987 qui
1678 938 1784 987 quod

293 1009 422 1046 subito
455 1011 621 1057 apparet
651 1010 830 1054 miratur,
865 1007 911 1045 cf.
937 1008 1053 1045 Most.
1076 1009 1174 1045 332:
1212 1007 1370 1055 „Adest,
1404 1021 1462 1055 eu,
1494 1005 1782 1052 Philolaches⁴‘,

292 1078 523 1127 plerumque
565 1075 699 1113 addito
736 1073 931 1122 „hercle“,
977 1080 1022 1112 ut
1053 1076 1160 1114 Pers.
1195 1078 1295 1114 705:
1347 1076 1431 1123 „Eu
1471 1075 1601 1112 hercle
1643 1088 1785 1112 nomen

292 1145 534 1183 multimodis
575 1145 804 1194 scriptumst
840 1148 964 1182 tuum.
1041 1145 1141 1182 Rud.
1185 1145 1285 1182 821:
1336 1144 1421 1192 „Eu
1458 1145 1586 1182 hercle
1617 1158 1665 1181 ne
1696 1145 1786 1181 istic

294 1215 384 1252 fana
415 1217 618 1251 mutantur
643 1211 764 1251 cito“.
811 1212 895 1249 Mil.
924 1214 1015 1251 396.
1064 1213 1167 1251 Men.
1195 1215 1289 1252 718.
1319 1215 1412 1251 858.
1448 1214 1526 1250 312
1562 1211 1645 1260 (ubi
1671 1212 1782 1250 codd.

297 1279 439 1331 „Tu“).
506 1282 663 1320 Trucul.
699 1283 720 1318 7
757 1279 886 1328 (codd.
921 1279 1105 1329 „Eum‘⁴).
1132 1302 1187 1307 —
1220 1279 1291 1331 (stoi
1325 1279 1477 1328 uideat,
1510 1283 1535 1320 i.
1569 1295 1600 1319 e.
1633 1283 1664 1318 si
1699 1282 1786 1331 quis

293 1351 447 1398 uideat,
480 1365 515 1388 v.
550 1350 598 1387 ad
628 1351 717 1387 Aul.
751 1350 856 1390 481.,
876 1370 931 1374 -
964 1351 1156 1388 989-90
1190 1351 1383 1389 octonarii
1415 1351 1618 1388 trochaici.
1680 1347 1789 1400 qaod

297 1421 333 1458 tc
362 1416 500 1467 iubeo,
542 1420 588 1457 cf.
623 1418 733 1468 Capt.
769 1420 862 1456 828.
926 1419 1066 1457 Pseud.
1104 1420 1230 1457 1325:
1289 1419 1392 1466 „Fac
1423 1420 1527 1469 quod
1557 1423 1598 1456 te
1629 1418 1784 1456 iube0⁴².

295 1489 371 1527 Cic.
405 1488 454 1525 ad
479 1487 587 1526 Fam.
612 1487 721 1534 XIII,
755 1489 820 1534 20,
856 1489 897 1523 3:
949 1488 1149 1534 „litte1·as,
1190 1501 1268 1526 non
1301 1502 1400 1537 quae
1430 1492 1469 1525 te
1501 1488 1650 1538 aliquid
1681 1487 1786 1525 iube-

294 1556 424 1596 1·ent“.
457 1557 642 1595 cf.‘infra
677 1557 796 1594 1040.
829 1576 883 1580 ——
924 1557 1000 1593 991
1036 1557 1281 1606 septenarius
1314 1560 1384 1604 est,
1418 1558 1498 1594 sive
1531 1570 1615 1594 cum
1648 1555 1788 1593 Stude-

294 1626 475 1672 mundio,
509 1625 656 1663 Cantic.
689 1639 726 1675 p.
762 1625 835 1672 71,
872 1621 945 1663 tibi
975 1624 1114 1662 ultima
1143 1625 1261 1674 longa
1292 1626 1418 1673 legas,
1452 1627 1533 1662 sive
1568 1623 1660 1672 „ut“
1698 1628 1788 1661 ante

301 1692 438 1743 „tuus“
474 1694 697 1732 addendum
729 1707 909 1743 censeas,
951 1693 1058 1743 quod
1089 1696 1281 1732 orationis
1314 1707 1430 1731 causa
1460 1707 1538 1730 non
1570 1697 1630 1743 est
1658 1706 1788 1730 ncces·

295 1765 453 1811 sarium,
486 1763 565 1801 vid.
601 1763 650 1800 ad
674 1763 782 1801 Asin.
809 1764 903 1801 445.
932 1764 1090 1800 —4393
1124 1764 1219 1800 item
1251 1763 1507 1812 septenarius
1540 1765 1573 1799 si
1604 1759 1688 1800 ‘icem
1718 1775 1788 1810 pro

297 1847 375 1871 una
407 1832 555 1881 syllaba
588 1832 746 1879 legitur,
780 1832 826 1869 ef.
861 1832 910 1868 ad
941 1832 1081 1881 Amph.
1117 1833 1187 1877 373
1235 1833 1268 1868 si
1298 1845 1371 1881 pro
1404 1830 1566 1877 duabus,
1599 1830 1788 1867 iambicus

298 1903 527 1940 octonarius
561 1902 649 1938 erit.
711 1897 804 1938 HOC
835 1910 929 1950 aye,
962 1901 1040 1938 vid.
1073 1900 1122 1937 ad
1154 1901 1262 1937 Asin.
1299 1902 1332 1938 1.
1395 1910 1563 1948 operam
1594 1895 1666 1936 tibi
1699 1895 1789 1936 (ἶὶιό

299 1970 439 2008 Pseud.
476 1970 565 2007 562.
598 1989 654 1994 --
694 1970 786 2005 993.
828 1968 1022 2006 Iambicus
1054 1970 1279 2007 octonarius
1311 1969 1562 2018 hypermeter
1601 1968 1665 2004 vix
1696 1967 1790 2004 ferri

298 2042 443 2088 potest.
491 2038 537 2075 R.
572 2037 703 2074 deleto
737 2034 900 2087 quidem
929 2036 1054 2075 troch.
1089 2038 1337 2075 octonarium
1368 2037 1482 2085 fecit3
1515 2036 1644 2074 Gertz.
1678 2033 1790 2085 cqui-

301 2105 403 2155 dem,
436 2106 483 2144 cf.
517 2105 566 2142 ad
597 2105 739 2154 Amph.
773 2107 866 2143 757.

414 2175 555 2212 Versui
598 2174 678 2211 994
720 2174 761 2210 in
792 2174 822 2210 B
861 2173 1082 2224 praefigitur
1119 2174 1260 2212 titulus
1292 2173 1432 2220 EPIA,
1479 2175 1504 2211 i.
1539 2186 1569 2210 e.
1612 2172 1789 2222 epistola,

299 2246 471 2294 itemque
505 2246 595 2280 ante
626 2256 662 2280 v.
699 2243 824 2290 1004,
862 2244 988 2289 1010,
1026 2243 1146 2290 1016,
1182 2244 1301 2290 1022,
1341 2244 1458 2280 1025.
1519 2241 1641 2279 Nobis
1672 2242 1791 2277 inter-

299 2312 501 2364 pungendi
541 2313 642 2349 ratio
681 2325 753 2361 per
791 2324 830 2348 se
871 2311 1050 2349 sufficere
1088 2311 1257 2349 videtur.
1333 2311 1512 2361 Epistola
1552 2313 1702 2355 autem,
1748 2313 1792 2345 ut

300 2383 422 2428 solet,
470 2381 633 2418 senariis
670 2382 820 2430 scripta
859 2383 916 2416 est
954 2384 994 2417 et
1032 2380 1187 2430 quidem
1226 2392 1349 2429 prosse
1391 2380 1558 2416 orationi
1588 2378 1791 2429 proximis,

300 2470 355 2476 -
395 2451 488 2488 995.
535 2446 721 2495 widem,
770 2449 837 2498 qui
875 2449 1008 2485 vivere
1048 2449 1193 2498 possit,
1241 2448 1288 2487 cf.
1322 2449 1417 2486 Hor.
1452 2448 1531 2486 Sat.
1564 2447 1613 2493 ΙΙ,
1651 2448 1684 2492 1,
1720 2448 1790 2483 6οῑ

303 2520 333 2557 Ο
365 2532 474 2568 puer,
505 2522 551 2555 ut
581 2520 634 2555 sis
665 2517 808 2563 vitalis,
842 2514 1017 2554 metuo“.
1049 2537 1104 2541 -—
1136 2518 1229 2555 996.
1272 2514 1439 2555 Malum
1471 2548 1478 2555 .
1507 2547 1514 2554 .
1544 2547 1552 2554 .
1584 2525 1791 2565 massaum,

302 2601 353 2625 sc.
386 2587 459 2625 tibi
491 2587 603 2633 dabo,
636 2599 713 2623 non
741 2586 929 2624 ducentos
954 2584 1172 2635 Philippos,
1206 2585 1252 2624 cf.
1275 2587 1395 2623 1024.
1443 2585 1658 2624 Nicobulus
1681 2584 1793 2621 lectis

303 2656 456 2694 duobus
488 2655 665 2693 versibus
697 2668 806 2693 suam
838 2656 1073 2692 sententiam
1108 2653 1230 2701 addit,
1262 2658 1307 2691 ut
1331 2654 1431 2691 infra
1460 2667 1495 2692 v.
1525 2654 1644 2700 1007,
1674 2653 1792 2698 1014,

308 2726 429 2763 1032.
462 2724 674 2773 Chrysalus
693 2737 780 2761 eum
796 2723 1050 2772 interrumpit
1066 2722 1196 2759 verbis
1214 2719 1306 2760 Tibi
1323 2720 1426 2769 (lico,
1444 2723 1470 2760 i.
1483 2736 1514 2760 0.
1529 2722 1611 2759 fere
1633 2718 1792 2769 „heus“,

305 2806 391 2843 quae
423 2793 618 2843 particula
648 2792 879 2841 plerumque
911 2791 1174 2841 anteponitur,
1206 2804 1241 2828 v.
1275 2790 1386 2828 Cure.
1423 2791 1513 2828 515.
1561 2789 1665 2827 Men.
1700 2790 1792 2827 371.
