1854 3188
179 212 231 250 IV
829 201 1012 238 Praefatio.

179 337 288 374 illum
322 349 378 372 me
411 335 629 383 reliquisse,
663 333 754 382 quia
780 331 998 381 corrigendi
1026 332 1128 368 ratio
1153 332 1302 368 incerta
1325 333 1438 376 esset,
1470 331 1661 368 Asinariae

179 412 308 446 autem
346 419 502 444 versum
542 419 617 442 non
656 406 739 454 ipse
781 403 949 440 dixerim
987 403 1211 440 lacunosum
1254 401 1345 438 mihi
1385 401 1523 438 videri.
1597 402 1660 448 At,

179 480 327 528 inquit,
368 491 443 515 non
476 477 651 521 videtur,
690 476 758 512 sed
801 480 870 513 est.
947 475 1067 511 Immo
1100 477 1325 523 corruptum
1358 485 1442 509 esse
1475 472 1662 510 affirmari

179 555 335 601 potest3
367 554 498 588 utrum
530 549 671 586 lacuna
697 561 744 584 au
772 547 847 584 alia
875 545 1097 596 corruptela
1122 545 1288 590 laboret,
1315 543 1403 580 dum
1430 549 1662 594 persanatus

179 623 249 667 sit,
284 622 470 659 affirmari
501 634 578 658 non
611 624 753 669 potest.
815 618 940 667 Magis
974 619 1090 654 etiam
1122 616 1393 654 admirandum
1425 620 1500 662 est,
1544 616 1660 665 quod,

180 695 245 744 qui
277 695 427 744 primus
467 694 505 729 in
538 704 694 728 arenam
727 689 938 735 descendit,
979 688 1044 726 Fr.
1077 688 1291 726 Schoellius
1323 683 1548 736 (Jenaische
1580 687 1662 725 Lit-

178 765 493 814 teraturzeitung
535 764 659 809 1876,
709 766 781 799 art.
825 759 921 807 243)
970 760 1058 797 inde
1104 761 1389 797 accusationem
1434 771 1546 796 orsus
1591 763 1660 804 est,

179 836 284 886 quod
323 835 465 873 librum
496 835 698 882 Madvigio
739 832 927 870 dedicavi.
996 831 1089 878 Quis
1122 831 1405 869 Germanorum
1444 843 1522 868 non
1559 830 1664 868 idem

178 907 360 946 fecisset?
419 907 481 945 An
512 906 713 944 Germanis
744 905 835 942 solis
865 905 986 954 gratis
1018 916 1102 940 esse
1133 899 1255 939 licet?
1301 902 1398 939 Nam
1431 902 1534 952 quod
1566 902 1664 941 dicit,

179 992 240 1017 me
270 979 386 1017 huius
426 979 590 1016 maxime
630 978 760 1028 operis
790 976 990 1025 Madvigio
1022 988 1212 1012 summum
1245 974 1432 1012 iudicium
1464 975 1662 1021 detulisse,

178 1050 219 1087 id
263 1064 324 1088 me
370 1063 446 1087 non
486 1050 710 1099 scripsisse,
758 1050 824 1098 qui
870 1047 1076 1097 epistolam
1123 1060 1247 1083 meam
1293 1046 1456 1094 legerit,
1502 1046 1662 1085 videbit.

179 1121 422 1172 Quamquam
460 1122 532 1159 hoc
571 1123 698 1171 ipsum
735 1133 813 1158 non
852 1119 1118 1157 adolescentes
1156 1119 1280 1156 solum
1319 1118 1548 1166 delectavit,
1597 1119 1665 1156 sed

180 1195 296 1232 etiam
327 1195 454 1232 virum
486 1193 533 1230 de
564 1193 708 1230 litteris
740 1192 855 1242 longe
897 1191 1034 1228 melius
1071 1191 1272 1237 meritum,
1315 1189 1541 1237 Lehrsium,
1584 1192 1664 1241 qui,

179 1279 298 1316 quum
328 1266 471 1303 librum
502 1278 629 1302 meum
659 1277 869 1313 numquam
901 1263 1081 1309 vidisset,
1122 1261 1370 1300 Schoelliano
1401 1263 1576 1300 convicio
1608 1264 1665 1300 ita

178 1338 335 1388 gavisus
375 1340 452 1384 est,
493 1341 538 1374 ut
568 1336 609 1374 id
648 1336 901 1374 vehementer
937 1334 1116 1372 omnibus
1154 1334 1446 1372 commendaret
1479 1332 1665 1384 (Konigs-

177 1410 319 1458 berger
355 1408 659 1447 Monatsblatter
701 1408 825 1454 1876,
865 1421 903 1458 p.
937 1405 1023 1454 71).
1097 1406 1174 1444 Sed
1213 1408 1399 1456 quoniam
1436 1410 1516 1444 tam
1557 1407 1666 1446 docti

177 1482 264 1527 viri,
299 1480 392 1530 quid
423 1480 626 1526 voluerim,
659 1492 761 1530 saepe
790 1491 868 1517 non
899 1479 1187 1525 intellexerunt,
1221 1492 1269 1516 ne
1301 1479 1506 1516 consilium
1537 1492 1666 1517 meum

179 1553 296 1590 etiam
329 1552 416 1590 aliis
448 1551 660 1589 lectoribus
694 1551 899 1590 obscurum
932 1554 1100 1597 maneat,
1134 1550 1230 1600 quid
1253 1554 1408 1588 secutus
1431 1552 1516 1598 sim,
1549 1564 1666 1601 quam

181 1623 406 1661 brevissime
437 1627 614 1673 repetam
645 1627 686 1660 et
716 1623 929 1660 defendere
961 1623 1144 1660 conabor.

292 1695 405 1742 Quod
437 1696 533 1745 ipse⁷
576 1708 694 1744 quum
729 1694 957 1733 adulescens
988 1694 1039 1732 ad
1069 1694 1253 1732 Plautum
1285 1694 1532 1742 accederem,
1565 1694 1667 1733 desi-

180 1767 429 1814 deraveram,
476 1766 577 1804 idem
617 1766 714 1804 alios
762 1766 1056 1804 desideraturos
1092 1766 1300 1816 putabam,
1349 1767 1667 1804 commentarium

180 1839 373 1890 quidquid
418 1839 576 1876 obscuri
621 1841 660 1875 et
704 1838 854 1876 insoliti
891 1842 994 1876 esset
1030 1838 1310 1888 explicantem,
1359 1837 1575 1876 editionem
1613 1839 1669 1876 ita

180 1910 441 1956 emendatam,
487 1914 532 1948 ut
563 1909 611 1947 ab
651 1910 810 1960 optimis
851 1909 1049 1948 codicibus
1088 1923 1302 1960 numquam
1341 1910 1418 1947 nisi
1447 1911 1666 1949 necessario

181 1981 466 2028 discederetur,
499 1983 631 2031 itaque
662 1985 945 2031 comparatam,
988 1985 1052 2028 ut,
1093 1981 1287 2032 quidquid
1318 1983 1473 2019 ratione
1505 1986 1668 2032 cogente

182 2057 400 2091 correctum
431 2056 546 2100 esset,
577 2053 704 2102 primo
730 2053 917 2102 adspectu
941 2056 1162 2103 appareret.
1216 2053 1354 2103 Itaque
1386 2067 1506 2103 quum
1537 2055 1668 2092 multi-

180 2125 315 2162 tudine
352 2126 549 2162 variarum
587 2126 873 2174 scripturarum
911 2137 1013 2174 saepe
1053 2138 1187 2162 verum
1227 2125 1428 2162 obscurari
1468 2126 1666 2174 vidissem,

181 2196 250 2233 has
295 2209 411 2246 quam
457 2197 710 2245 paucissimas
756 2197 957 2234 contextui
1001 2197 1287 2234 subnectendas
1329 2197 1420 2235 duxi
1460 2198 1527 2244 iis,
1582 2211 1668 2248 quae

181 2272 378 2317 praeterea
409 2269 629 2305 necessaria
660 2272 783 2315 erant,
816 2270 855 2305 in
881 2270 1199 2306 commentarium
1225 2271 1397 2307 reiectis.
1458 2270 1502 2306 In
1527 2269 1667 2308 Plauto

182 2343 310 2377 autem
351 2338 454 2388 quod
493 2341 699 2390 perpaucis
737 2339 934 2377 codicibus
977 2341 1149 2378 contenti
1188 2353 1272 2378 esse
1312 2353 1537 2391 possumus,
1584 2342 1668 2379 Rit-

183 2410 319 2448 schelii
343 2411 511 2448 acumini
537 2410 732 2448 debemus.
780 2411 972 2461 Equidem
996 2416 1142 2462 praeter
1172 2413 1469 2463 palimpsestum
1501 2413 1668 2452 duorum

181 2486 336 2520 tantum
366 2483 559 2532 integram
586 2483 817 2520 varietatem
845 2485 1024 2533 apposui,
1057 2483 1202 2521 codicis
1228 2484 1258 2521 B
1282 2487 1322 2522 in
1349 2485 1542 2532 omnibus,
1576 2486 1603 2523 C
1628 2487 1669 2523 in

182 2553 387 2591 duodecim
425 2554 709 2603 posterioribus
749 2553 904 2591 fabulis.
979 2554 1216 2605 vituperant
1253 2557 1399 2603 critici,
1447 2557 1551 2606 quod
1590 2571 1668 2596 non

181 2624 385 2664 Ursiniani
423 2638 578 2676 quoque
621 2624 689 2673 (D)
730 2627 959 2664 testimonia
998 2626 1237 2674 addiderim,
1285 2629 1451 2666 maxime
1490 2628 1667 2677 Gotzius,

181 2696 324 2735 Annal.
357 2696 452 2746 phil.
490 2697 614 2744 1876,
656 2711 695 2747 p.
730 2698 805 2735 351
840 2711 948 2748 sqq.,
994 2700 1083 2748 qui,
1131 2699 1164 2736 si
1195 2699 1368 2737 codicem
1400 2699 1668 2738 Britannicum

181 2765 256 2815 (J),
304 2780 418 2819 quem
463 2769 503 2806 in
547 2768 744 2807 Analectis
791 2769 983 2807 Plautinis
1028 2783 1062 2808 a.
1106 2772 1210 2809 1877
1257 2771 1375 2809 editis
1413 2785 1451 2822 p.
1491 2774 1540 2810 71
1582 2786 1667 2823 sqq.
