1897 3171
744 192 786 226 V.
812 194 1001 227 330—374.
1536 192 1590 230 40
1598 192 1616 229 1

127 325 389 364 similitudine
418 324 588 362 nominis
618 322 810 371 Chrysali,
843 322 889 360 cf.
923 336 1041 372 supra
1077 324 1168 360 127.
1201 340 1256 347 -—-
1293 321 1384 358 360.
1419 316 1456 357 Si
1485 315 1622 368 mayis

129 403 234 432 ‘usus
272 389 452 439 uenerit,
498 394 523 429 i.
556 405 588 429 e.
627 391 660 428 si
697 393 822 440 magis
859 391 957 428 utile
997 396 1064 429 aut
1105 390 1366 428 necessarium
1408 386 1619 433 videbitur,

131 462 179 500 cf.
220 461 314 499 Cist.
356 460 453 498 144:
513 461 568 507 „si
621 460 706 508 quis
760 472 854 496 usus
905 461 1079 507 uenerit,
1135 458 1359 495 meminisse
1406 468 1475 505 ego
1523 455 1622 492 hanc

130 543 214 567 rem
243 543 315 567 uos
345 525 478 566 u010‘⁵.
538 527 658 564 Mero.
694 528 795 564 509:
847 527 1011 573 „Possin
1043 532 1106 575 tu,
1149 527 1181 563 si
1211 539 1303 562 usus
1334 525 1500 569 uenerit,
1532 522 1624 560 sub-

129 602 262 636 temen
293 601 411 633 tenue
442 593 589 632 nereP²²
654 593 774 632 Stich.
808 595 909 632 475:
960 594 1148 642 „Quando
1187 606 1279 630 usus
1317 595 1470 638 ueniet,
1513 589 1622 628 fiet‘'.

130 666 220 704 Ter.
252 665 394 702 Heaut.
431 665 522 702 553.
582 662 677 699 Inde
709 664 826 699 etiam
857 662 974 712 Epid.
1010 665 1087 702 528
1121 660 1390 700 scribendum:
1444 659 1526 705 „illi
1557 658 1624 695 ho-

130 735 253 784 spitio
283 746 377 770 usus
407 728 540 770 uenit“
578 729 706 778 (codd.
744 729 978 778 ‚,inuenit“).
1009 752 1066 757 ——
1099 732 1191 769 362.
1225 726 1386 776 domist,
1418 727 1495 764 vid.
1531 727 1624 763 222.

131 802 301 839 —363.
334 800 435 837 Edd.
468 799 596 836 deleto
627 796 713 837 eiu-S·
743 811 898 835 versum
930 803 1131 846 sanarunt,
1163 797 1233 835 secl
1259 797 1462 834 sententiae
1487 796 1625 831 vitium

132 873 279 907 manet.
354 868 454 905 Nam
492 863 712 915 fabricant,
759 867 784 904 i.
820 880 852 903 e.
894 867 1092 905 fallaciam
1130 869 1213 904 sive
1253 865 1381 902 dolum
1434 861 1497 911 (cf.
1532 862 1624 900 Cist.

139 938 232 975 370.
279 936 364 973 Mil.
402 936 493 973 147.
540 935 658 972 Poen.
695 935 814 972 1102.
862 934 949 973 Ter.
984 935 1128 973 Heaut.
1166 932 1262 981 545)
1295 946 1374 970 non
1406 931 1526 977 dabit,
1561 929 1629 967 sed

75 1005 78 1008 ’
132 1006 213 1042 iam
245 1003 356 1041 dedit
385 1004 449 1040 vel
477 1002 655 1052 perfecit,
695 1015 823 1051 neque
853 1003 926 1040 hoc
957 1017 1043 1041 011111
1074 1004 1253 1052 proximo
1284 1013 1402 1038 versu
1434 999 1626 1044 convenit,

136 1074 179 1110 in
209 1085 286 1122 quo
324 1073 356 1109 si
394 1081 520 1120 super
555 1084 628 1120 pro
673 1068 770 1117 „de“
811 1072 993 1120 ponitur,
1042 1071 1146 1120 quod
1184 1069 1269 1107 fieri
1307 1081 1422 1118 posse
1460 1066 1629 1112 videtur,

136 1142 186 1178 cf.
218 1141 324 1178 Fest.
356 1153 394 1189 p.
430 1141 522 1177 305.
567 1139 688 1176 Most.
723 1140 816 1176 716.
862 1139 946 1176 Mil.
986 1140 1110 1187 1204,
1151 1139 1223 1176 hoc
1255 1137 1343 1175 dolo
1377 1148 1514 1172 aurum
1546 1134 1630 1183 qui-

138 1209 226 1246 dem
257 1212 526 1257 comparatum
557 1211 634 1254 est,
675 1206 743 1244 sed
773 1206 936 1244 Bacchis
975 1220 1054 1244 non
1090 1209 1263 1245 inventa.
1325 1204 1466 1242 Sensus
1497 1206 1632 1253 postu-

139 1277 222 1315 lare
253 1276 432 1314 videtur:
478 1275 593 1312 herili
623 1274 704 1312 filio
735 1275 906 1312 narrabo
940 1275 987 1312 de
1020 1288 1116 1312 auro
1149 1278 1188 1312 et
1221 1274 1268 1311 de
1300 1275 1462 1310 inventa
1493 1271 1630 1308 amica.

138 1344 254 1392 Quod
291 1345 476 1393 quoniam
513 1343 623 1380 nulla
662 1342 932 1380 emendatione
971 1343 1073 1382 effici
1110 1356 1225 1393 posse
1273 1341 1451 1386 videtur,
1499 1351 1634 1377 versus

140 1416 344 1462 suspectos
375 1413 524 1449 notavi.

257 1482 350 1518 365.
382 1479 517 1528 Lydus
547 1479 797 1529 paedagogus,
832 1480 899 1528 qui
931 1479 1140 1517 Pistocleri
1170 1479 1278 1515 iussu
1310 1490 1397 1514 eum
1432 1475 1481 1512 ad
1511 1488 1636 1512 mere-

139 1551 260 1586 trices
290 1551 448 1585 secutus
480 1551 563 1584 erat
596 1545 648 1594 (v.
672 1544 778 1593 167),
813 1560 898 1596 quae
932 1547 987 1584 ibi
1017 1547 1116 1584 vidit
1149 1546 1352 1596 aegerrime
1384 1545 1511 1581 ferens
1542 1542 1634 1580 inde

137 1616 362 1665 egreditur,
409 1618 454 1651 ut
495 1615 592 1664 quid
630 1613 732 1651 filius
774 1619 867 1662 agat
898 1617 1005 1664 patri
1036 1615 1205 1652 nuntiet.
1281 1612 1524 1661 Septenariis
1554 1616 1635 1648 tro-

139 1685 284 1722 chaicis
323 1696 438 1721 scena
477 1683 729 1720 vehementer
768 1688 968 1720 commota
1008 1685 1154 1731 scripta
1185 1686 1254 1718 est.
1329 1681 1375 1717 In
1406 1678 1582 1716 exeundo
1616 1692 1638 1715 a

139 1754 264 1791 servis
295 1751 499 1788 Bacchidis
531 1750 727 1800 postulat,
771 1754 815 1786 ut
853 1751 927 1788 sibi
969 1753 1127 1788 ianuam
1160 1750 1340 1798 aperiant
1372 1747 1509 1784 domus
1541 1747 1635 1792 eius,

140 1821 182 1857 in
221 1833 337 1869 quam
373 1819 544 1869 perituri
575 1817 648 1854 soli
687 1819 838 1855 intrare
876 1819 1096 1857 videantur.
1138 1838 1194 1842 -—
1242 1818 1333 1854 366.
1382 1812 1529 1864 (suippe
1570 1812 1640 1864 qui

142 1887 274 1934 codd.;
307 1887 442 1924 Lamb.
470 1883 619 1935 quippe
643 1896 721 1934 (1ch
746 1900 817 1923 0111.
874 1887 979 1924 Illud
1003 1901 1049 1924 ne
1075 1888 1162 1936 quis
1188 1886 1284 1923 10015
1311 1884 1360 1921 ad
1386 1883 1530 1933 Amph.
1558 1884 1637 1920 738

142 1956 277 1994 allatis
308 1954 512 2001 defendat,
554 1953 626 1990 hoc
657 1953 742 1990 loeo
774 1957 997 1992 necessario
1030 1955 1246 2004 requiritur
1277 1953 1352 1990 loci
1391 1951 1638 2001 significatio.

142 2044 200 2049 -—
231 2025 325 2061 367.
359 2032 447 2060 6886
476 2022 524 2059 ut
552 2018 670 2071 fruffl'
693 2020 858 2069 possiet
889 2027 980 2072 post
1010 2033 1105 2071 spes
1136 2022 1296 2059 insolito
1329 2020 1495 2066 dicitur.
1530 2020 1641 2068 quasi

147 2091 260 2140 „fieri
290 2103 368 2128 non
405 2092 556 2140 potest,
597 2093 641 2126 ut
679 2089 785 2138 frugi
823 2091 914 2129 siff.
991 2091 1101 2129 Unus
1139 2090 1340 2127 Ausonius
1379 2088 1504 2125 simile
1546 2086 1642 2136 quid

144 2159 247 2197 dixit
270 2159 328 2196 Id.
356 2160 391 2206 2,
417 2159 489 2195 46:
528 2156 695 2204 „Consul
726 2163 770 2195 ut
801 2160 885 2209 ipse
915 2159 1028 2206 foret,
1061 2172 1147 2208 spes
1178 2157 1274 2195 mihi
1307 2160 1415 2195 certa
1446 2154 1561 2193 fuit“.
1587 2174 1643 2178 ——

146 2228 242 2264 370.
288 2226 346 2263 De
384 2225 510 2262 forma
544 2225 795 2275 „permities“
838 2227 918 2265 vid.
959 2227 1008 2265 ad
1048 2227 1158 2263 Asin.
1203 2227 1294 2263 132.
1370 2223 1542 2261 Verbum
1582 2222 1645 2259 est

145 2294 337 2332 excidisse
367 2293 545 2340 videtur,
592 2292 661 2329 sed
690 2296 824 2331 utrum
855 2298 945 2344 post
978 2293 1199 2341 instructa,
1247 2307 1296 2331 an
1334 2296 1425 2342 post
1464 2288 1641 2339 opipare,

146 2362 334 2399 dubitant
372 2362 448 2399 viri
488 2360 606 2398 docti.
646 2380 700 2385 —-
748 2363 840 2400 371.
879 2361 1117 2411 protinam,
1164 2363 1191 2399 i.
1227 2374 1259 2398 e.
1291 2373 1429 2411 porro,
1478 2358 1524 2395 de
1556 2357 1643 2394 loco

148 2430 313 2476 dicitur⁷
353 2443 389 2467 V.
422 2429 534 2467 Curc.
569 2430 660 2466 363.
730 2429 814 2467 Cas.
849 2431 943 2468 882.
1003 2430 1110 2468 Pers.
1152 2430 1252 2476 679,
1293 2428 1342 2465 al.
1376 2440 1437 2476 ap.
1471 2425 1572 2462 Non.
1604 2438 1642 2475 p.

151 2499 244 2536 376.
283 2517 339 2523 —-
376 2495 420 2535 in
441 2494 592 2546 pedes,
640 2498 681 2533 in
711 2497 862 2546 fugam,
911 2498 957 2536 cf.
991 2497 1105 2547 Capt.
1143 2498 1233 2534 121.
1295 2495 1382 2532 Ter.
1415 2493 1514 2530 Eun.
1550 2494 1643 2530 844.

149 2565 308 2604 Phorm.
340 2567 440 2604 190:
478 2565 588 2612 „hinc
620 2578 681 2602 me
713 2567 931 2602 conicerem
961 2567 1165 2615 protinam
1196 2566 1237 2600 in
1267 2559 1428 2612 pedes“.
1461 2579 1516 2586 ν-
1551 2561 1644 2597 373.

151 2630 417 2672 desidiabula
460 2634 533 2670 hoe
570 2646 649 2671 uno
688 2633 775 2671 1000
815 2637 943 2680 extat3
989 2637 1081 2670 sunt
1119 2630 1279 2668 desidiae
1319 2634 1420 2667 acta.
1452 2649 1508 2654 —
1552 2629 1645 2665 374.

152 2697 346 2750 adflictas
377 2701 490 2740 codd.
518 2701 705 2739 Plautini.
766 2700 828 2738 Sic
860 2705 992 2738 autem
1024 2713 1111 2737 cum
1142 2699 1215 2736 hoc
1255 2710 1370 2735 versu
1411 2698 1647 2734 terminatur

1333 2772 1376 2806 26
