1897 3171
785 201 826 236 V.
853 204 1041 236 524—549.
1576 206 1654 244 335

166 333 369 371 Excidisse
407 333 558 382 aliquid
595 333 747 369 numeri
787 332 1019 370 ostendunt:
1067 331 1187 369 Weis.
1225 332 1370 377 „Immo
1401 333 1538 370 Euclio
1582 336 1652 371 est.

166 401 249 441 EU.
281 398 382 439 Est?
425 400 515 438 ΜΕ.
549 400 602 437 Et
633 400 669 438 d.
696 398 747 438 f.“
796 400 1013 439 Francken.
1047 401 1283 438 modestius:
1322 404 1386 447 „et
1417 401 1584 450 amplius
1617 401 1656 438 di

166 467 355 508 faciant“.
417 469 494 507 Sed
525 465 658 507 Immo
690 468 761 516 esi,
795 469 827 506 si
857 469 954 506 nihil
979 469 1149 515 additur,
1183 469 1230 506 ab
1257 469 1422 507 excultis
1446 469 1655 517 Megadori

166 539 339 575 moribus
371 537 566 575 abhorret.
623 537 809 575 Forsitan
840 537 1004 575 dixerit:
1042 537 1187 583 „Immo
1218 542 1290 584 est,
1323 537 1427 587 quod
1459 538 1551 574 satis
1583 541 1654 585 est,

168 610 206 643 et
237 606 276 643 di
308 604 407 643 et0.“
472 605 574 643 Olim
605 605 684 642 tale
716 605 812 654 quid
843 606 1090 655 suspicabar:
1143 605 1288 651 .,Immo
1320 606 1351 642 si
1384 606 1512 642 animo
1544 619 1655 655 aequo

167 675 232 720 sis,
266 673 306 710 di
336 674 481 711 faciant
513 677 558 711 ut
589 671 704 720 siet‘⁴‚
738 673 784 712 cf.
807 675 896 712 180.
944 674 988 711 In
1019 675 1198 723 proximo
1229 687 1345 710 versu
1376 687 1460 710 cum
1486 674 1655 712 Mullero

168 738 242 781 tibi
257 742 496 788 addiderim3
515 741 698 790 Wagner.
716 742 836 778 male:
860 740 1048 787 „istuce“'.
1071 763 1117 767 -
1137 739 1348 790 sospitent,
1368 741 1415 779 cf.
1434 742 1543 780 Asin.
1562 745 1654 781 676.

165 831 219 836 -
249 811 339 848 540.
372 807 457 856 hoc,
484 823 631 857 aurum,
658 809 762 859 quod
779 823 906 847 secum
933 810 1064 857 habet,
1089 824 1124 848 v.
1143 811 1311 848 441.—
1329 811 1420 847 541.
1455 821 1474 847 e
1498 811 1654 859 senatu,

164 880 189 917 i.
216 892 249 917 e.
276 878 446 924 consilio,
481 882 592 924 coetu,
626 891 802 915 sermone
826 882 977 925 nostro,
1011 881 1197 928 quoniam
1220 878 1494 916 antecedentia
1517 879 1655 918 Euclio

167 959 326 984 aversus
358 959 485 983 secum
518 947 674 984 locutus
706 950 786 993 est;
820 947 866 984 cf.
895 947 1011 996 Epid.
1037 948 1126 985 160.
1165 947 1271 993 „Iam
1303 950 1483 984 senatum
1515 960 1657 985 conuo-

165 1015 260 1052 cabo
292 1016 331 1051 in
363 1014 479 1051 corde
510 1013 816 1052 consiliarium-⁴.
865 1014 983 1053 Most.
1020 1017 1146 1053 1032:
1184 1019 1252 1061 .,ut
1284 1019 1464 1052 senatum
1496 1028 1656 1063 conger-

165 1096 303 1120 ronum
345 1081 594 1120 conuocen1“.
653 1083 738 1120 Mil.
774 1085 871 1120 593:
925 1083 1067 1120 ..redeo
1108 1085 1146 1120 in
1178 1088 1355 1120 senatum
1396 1082 1570 1121 rursus“.
1605 1103 1655 1109 —

169 1152 260 1189 542.
292 1151 339 1188 vmss
371 1151 407 1189 z‘e
436 1152 686 1201 transposuit
716 1150 919 1189 Acidalius
950 1165 1085 1189 versus
1119 1166 1247 1199 causa,
1279 1165 1348 1189 nec
1371 1151 1549 1201 pluribus
1575 1166 1657 1188 mu-

163 1220 257 1256 tatis
282 1232 380 1269 opus
403 1223 475 1256 est.
513 1206 698 1267 Wagner.
726 1233 771 1256 ex
794 1219 917 1257 Brixii
936 1220 1055 1257 coni.:
1093 1221 1189 1267 „Pol
1207 1233 1276 1269 ego
1304 1224 1343 1257 te
1367 1223 1411 1256 ut
1435 1233 1658 1257 accusarem

167 1285 437 1334 meditabar“;
470 1287 539 1324 sed
569 1301 640 1324 nec
671 1284 814 1325 merito
846 1288 975 1325 omitti
1008 1287 1134 1335 debet,
1169 1289 1283 1325 modo
1316 1301 1402 1330 cum
1433 1288 1656 1335 accusandi,

163 1369 242 1393 non
281 1369 366 1393 cum
404 1354 621 1393 meditandi
658 1355 780 1393 verbo
817 1356 1025 1404 iungatur,
1072 1370 1143 1394 nec
1179 1360 1400 1406 temporum
1433 1357 1657 1393 consecutio

163 1424 290 1461 minus
321 1427 503 1461 accurata
536 1423 639 1472 apud
670 1423 853 1461 Plautum
887 1423 1060 1470 offendit,
1093 1425 1171 1463 vid.
1199 1425 1247 1461 ad
1272 1424 1412 1473 Amph.
1443 1426 1533 1461 192.
1567 1424 1656 1461 add.

162 1492 302 1530 Bacch.
325 1493 402 1529 350
421 1495 461 1528 et
479 1492 572 1529 531.
592 1511 640 1516 —
672 1493 763 1530 544.
795 1489 897 1530 mihi
925 1493 985 1530 bis
1016 1493 1200 1543 positum,
1232 1492 1311 1529 vid.
1331 1492 1378 1529 ad
1402 1492 1542 1541 Amph.
1565 1494 1658 1530 532.

162 1559 285 1597 Koch.
318 1561 359 1597 in
389 1560 491 1597 Ann.
524 1559 620 1609 phil.
654 1559 769 1606 CVII,
801 1575 839 1610 p.
875 1562 951 1598 841
992 1559 1134 1607 ⁷‚ineis“
1171 1560 1452 1598 substituebat.
1479 1581 1536 1585 —
1563 1561 1655 1598 545.

163 1624 266 1664 mihi
295 1627 358 1664 vel
388 1627 440 1663 mi
471 1641 558 1664 cum
588 1629 769 1678 proximo
799 1642 881 1666 voc.
915 1629 1109 1675 coalescit,
1142 1633 1187 1666 ut
1216 1643 1252 1667 v.
1289 1630 1380 1667 550.
1432 1626 1658 1666 intromisti

162 1695 378 1741 Acidalius,
412 1692 454 1732 in
480 1693 594 1734 aedis
618 1696 710 1733 olim
739 1697 1000 1743 emendatum,
1035 1698 1081 1735 cf.
1102 1697 1150 1734 ad
1168 1696 1310 1746 Amph.
1333 1698 1451 1735 1064.
1470 1717 1525 1722 —-
1542 1694 1657 1746 (Jecin-

162 1763 304 1813 9ent03
326 1762 489 1800 Plautus
513 1767 559 1800 ut
590 1768 793 1802 sexcentos
823 1778 895 1815 pro
928 1767 1067 1814 quovis
1098 1778 1237 1814 magno
1269 1778 1432 1802 numero
1462 1767 1586 1814 ponit,
1619 1778 1655 1802 v.

164 1831 276 1869 Cure.
298 1832 390 1869 587.
436 1832 520 1869 Mil.
543 1833 605 1869 52.
638 1852 692 1857 —
727 1834 804 1870 546
832 1847 917 1883 sqq.
965 1829 1233 1883 Geryonaceo
1265 1833 1359 1870 olim
1393 1833 1654 1871 emendatum.

163 1899 222 1936 De
240 1898 421 1948 Geryone
449 1900 614 1949 triplicis
633 1903 808 1950 corporis
825 1905 1001 1939 monstro
1019 1902 1151 1938 fabula
1169 1902 1264 1938 satis
1289 1905 1402 1947 Ποῖα,
1436 1914 1505 1938 nec
1529 1904 1656 1939 minus

165 1967 212 2004 de
234 1964 364 2017 Amo,
397 1971 552 2005 centum
577 1969 700 2006 oculis
725 1972 933 2016 instructo,
966 1971 1033 2018 qui
1065 1970 1159 2006 alibi
1182 1967 1409 2015 „oculatus“
1432 1969 1586 2015 dicitur,
1619 1983 1655 2007 V.

165 2036 272 2074 Fest.
304 2048 343 2086 p.
379 2037 477 2082 178,
517 2036 554 2073 h.
587 2036 612 2074 1.
647 2034 831 2083 oculeus,
871 2051 906 2076 V.
940 2038 1045 2075 Fest.
1077 2037 1184 2086 Epit.
1216 2051 1254 2087 p.
1290 2038 1354 2075 28.
1409 2037 1526 2086 Apul.
1558 2037 1655 2075 Met.

162 2104 213 2151 II,
247 2105 322 2142 23:
369 2103 589 2150 „hominem
618 2106 846 2152 insomnem,
881 2109 987 2143 certe
1019 2106 1350 2156 perspicaciorem
1381 2108 1469 2156 ipso
1500 2105 1657 2153 Lynceo

163 2173 225 2210 vel
268 2172 375 2222 Argo
421 2175 460 2209 et
498 2172 677 2210 oculeum
714 2172 883 2211 totum“.
957 2174 1181 2211 Priscianus
1212 2173 1276 2221 VI,
1318 2175 1362 2220 4,
1409 2175 1457 2211 18
1496 2177 1659 2223 propter

162 2241 327 2278 formam
358 2236 453 2278 Ioni
481 2243 691 2289 utrumque
730 2255 886 2279 versum
926 2241 1059 2289 affert,
1105 2242 1257 2279 Nonius
1295 2255 1333 2291 p.
1367 2242 1446 2278 487
1481 2241 1654 2278 alteram.

164 2308 220 2346 Cf.
252 2308 361 2345 Accii
390 2322 427 2346 v.
462 2309 564 2345 387:
623 2307 857 2354 „Custodem
896 2309 1097 2347 assiduum
1135 2310 1221 2347 Ioni
1252 2310 1437 2360 adposuit
1467 2306 1655 2356 uirgini“.

163 2376 295 2413 Etiam
334 2376 493 2413 Servius
533 2375 582 2413 ad
619 2376 735 2426 Verg.
768 2377 860 2414 AEn.
895 2378 958 2425 VI⁷
1002 2380 1053 2416 90
1095 2376 1301 2425 („Teucris
1340 2377 1474 2414 addita
1511 2374 1653 2422 Iuno“)

163 2447 342 2481 nostrum
371 2443 500 2481 locum
532 2443 645 2481 affert
675 2448 714 2482 et
745 2446 927 2495 explicat.
959 2466 1016 2471 —-
1050 2447 1141 2484 549.
1182 2442 1227 2483 IS
1259 2446 1393 2482 abesse
1424 2445 1566 2494 potuit,
1608 2443 1654 2481 cf.

164 2511 303 2549 Bacch.
340 2513 458 2550 1075.
496 2513 615 2550 1121.
676 2513 764 2550 Ter.
798 2514 897 2552 Eun.
935 2516 1004 2552 16:
1043 2527 1114 2561 „ne
1145 2513 1359 2551 frustretur
1389 2514 1473 2561 ipse
1506 2525 1545 2548 se
1574 2542 1581 2548 .
1602 2542 1610 2550 .
1633 2541 1654 2558 .,

164 2580 196 2616 is
229 2592 279 2616 ne
311 2583 427 2626 erret,
467 2578 646 2618 moneo‘².
718 2581 773 2620 Cf.
807 2583 926 2619 etiam
967 2583 1016 2619 ad
1055 2583 1166 2619 Asin.
1209 2583 1300 2618 523.
1347 2600 1402 2604 —
1438 2579 1657 2627 praeterea

166 2648 286 2684 ceteri
317 2648 427 2686 codd.
458 2667 514 2673 -
548 2645 806 2695 „tibicinam“
843 2651 972 2699 inquit
1009 2654 1112 2696 „tam
1142 2651 1328 2694 vinosam,
1368 2652 1413 2684 ut
1450 2647 1513 2683 vel
1543 2647 1656 2684 uber-

165 2716 305 2753 rimam
334 2716 445 2753 illam
473 2717 748 2754 Acrocorinthi
779 2718 941 2765 fontem,
982 2718 1166 2762 Pirenen,
1206 2717 1238 2752 si
1268 2716 1359 2752 vino
1391 2714 1542 2761 flueret,
1576 2715 1658 2751 sola

167 2782 325 2820 ebibere
349 2781 519 2833 posset“,
555 2785 628 2831 vel,
662 2798 711 2822 ne
734 2782 834 2823 milei
856 2787 1101 2822 omittamus:
1141 2796 1250 2833 „quae
1276 2783 1371 2820 mihi
1397 2783 1477 2819 vini
1503 2795 1654 2819 omnem
