1897 3171
265 194 348 232 ‘522
934 188 958 222 C
965 189 1090 232 apt-ini.

383 318 476 355 993.
517 317 735 366 Tyndarus,
770 330 855 366 quae
887 319 926 354 in
958 318 1180 367 lapicidinis
1211 330 1349 366 passus
1380 317 1443 362 sit,
1478 318 1610 354 servili
1642 319 1758 355 modo

271 386 466 423 describit.
507 404 562 410 -
600 381 843 431 Acherunti,
887 388 925 422 iu
958 385 1079 432 Orco,
1121 399 1156 421 v.
1192 385 1285 421 683.
1346 384 1457 421 Talia
1487 397 1591 434 saepe
1622 387 1757 435 pinge-

270 455 364 491 bant
395 455 559 502 antiqui.
615 453 885 490 Celeberrimae
916 459 1007 490 sunt
1036 455 1167 489 νεκυίαι
1200 452 1407 501 Polygnoti
1433 452 1595 501 Delphis
1624 450 1755 502 (Paus.

266 522 316 568 X,
352 523 402 559 28
434 522 509 570 sq.)
543 526 581 557 et
612 520 734 558 Niciae
764 521 929 558 Athenis
964 520 1069 567 (Plin
1101 521 1148 557 H.
1180 520 1228 557 N.
1255 520 1416 565 XXXV,
1455 522 1514 565 11,
1549 522 1613 566 40,
1651 520 1756 565 132).

268 590 553 627 Demosthenes
599 590 773 638 Aristog.
820 589 855 635 Ι,
905 591 953 627 52
1002 590 1196 625 rationem
1252 593 1547 633 commemorat,
1603 602 1682 638 qua
1727 589 1760 625 οἱ

272 661 452 709 ζωγράφοι
491 659 570 699 τοὺς
609 657 745 705 ἀσεβεῖς
782 661 817 693 ἐν
850 658 964 693 Ἅιδου
995 658 1206 706 γράφουσιν.
1281 656 1343 692 Ad
1381 662 1559 693 nostrum
1605 660 1759 706 tempus

269 732 396 764 autem
429 740 522 763 vasa
552 725 690 762 fictilia
726 725 799 763 hoc
832 729 1062 775 argumento
1094 729 1232 762 ornata
1276 727 1561 773 pervenerunt,
1601 736 1635 761 v.
1669 723 1758 761 Ger-

270 796 379 832 hard.
420 794 601 831 Archaol.
634 795 804 842 Zeitung
835 794 869 839 Ι,
908 795 952 830 11
989 807 1046 842 sq.
1088 812 1139 817 —
1189 792 1280 830 994.
1328 787 1444 829 nulla
1483 789 1662 841 adaeque
1700 793 1764 830 e'St

270 860 504 910 Acheruns,
551 864 576 900 i.
611 876 642 899 e.
676 862 805 898 nullus
844 863 949 898 locus
991 874 1034 898 eo
1074 864 1158 898 iure
1200 861 1402 897 Acheruns
1443 861 1573 897 vocari
1612 866 1758 910 potest,

271 945 347 981 quo
379 933 424 977 is,
458 931 525 967 ubi
557 942 629 978 ego
662 930 728 976 fui,
762 928 803 967 in
837 927 1093 977 ἶαρίιῆάίηὶε,
1126 930 1197 966 hoc
1229 930 1329 965 enim
1362 929 1585 977 appositum
1611 933 1671 965 est
1693 928 1760 965 ad—

271 1000 396 1037 verbii
431 995 507 1036 ubi.
544 1019 597 1023 —-
629 1000 722 1036 995.
754 995 811 1035 ibi
842 995 1022 1044 demzmz,
1066 998 1112 1035 cf.
1146 997 1285 1034 Bacch.
1323 998 1441 1034 1096.
1505 992 1590 1034 illic
1619 1009 1760 1045 prono-

269 1082 357 1105 men
391 1073 459 1104 est.
521 1067 582 1103 Ibi
614 1067 787 1112 demum,
821 1068 967 1115 inquit,
1010 1067 1073 1102 ille
1106 1067 1212 1113 locus
1245 1072 1323 1111 est,
1365 1066 1432 1102 ubi
1463 1065 1659 1114 lassitudo
1682 1078 1762 1102 non

271 1139 415 1185 quiete.
449 1135 517 1172 sed
549 1148 649 1172 novo
681 1135 812 1172 labore
845 1135 1067 1184 superanda.
1098 1140 1168 1171 est.
1201 1153 1256 1158 ——
1284 1134 1376 1171 996.
1425 1132 1555 1170 omni-§¹
1582 1133 1759 1170 Lindem.

271 1205 412 1253 aliique
453 1205 666 1240 omiserunt
704 1210 828 1240 metro
862 1203 1031 1240 iubente.
1068 1221 1116 1226 —-
1158 1204 1250 1239 997.
1290 1199 1508 1250 patriciis,
1553 1202 1760 1247 nobilibus,

271 1273 485 1322 opulentis.
543 1271 679 1308 Pueris
711 1277 748 1308 et
782 1271 887 1321 apud
919 1272 1073 1308 Graecos
1106 1276 1144 1307 et
1175 1270 1279 1320 apud
1312 1269 1507 1306 Romanos
1539 1283 1628 1306 aves
1659 1283 1763 1319 saepe

270 1340 476 1385 dabantur,
510 1340 741 1389 quibuscum
773 1339 966 1385 luderent,
1000 1339 1046 1376 cf.
1073 1339 1174 1376 Plin.
1204 1339 1276 1388 Ep.
1302 1338 1367 1384 IV,
1396 1340 1431 1384 2,
1461 1339 1504 1375 3:
1557 1337 1764 1384 „Habebat

269 1422 367 1458 puer
400 1440 407 1446 .
428 1439 434 1446 .
456 1439 463 1445 .
496 1409 692 1454 luscinias,
725 1408 923 1457 psittacos,
957 1406 1167 1445 ine1·ulas‘².
1214 1403 1438 1451 monetula,
1471 1420 1507 1443 v,
1533 1406 1641 1443 Asin.
1669 1407 1761 1444 687.

272 1498 325 1502 —-
359 1478 451 1514 998.
486 1474 632 1522 (mite-5¹,
667 1490 702 1513 V.
734 1476 843 1513 Asin.
880 1478 971 1514 686.
1034 1476 1104 1513 aab
1135 1479 1225 1513 cett.
1260 1475 1373 1512 codd.
1405 1495 1459 1499 —
1493 1476 1586 1511 999.
1620 1484 1765 1522 upupa

273 1559 349 1582 non
381 1546 502 1581 solum
545 1545 627 1581 avis
667 1543 891 1590 dicebatur,
939 1550 982 1581 ut
1014 1546 1070 1581 ait
1101 1544 1199 1581 Plin.
1234 1543 1280 1581 H.
1314 1543 1360 1580 N.
1393 1543 1447 1589 X,
1483 1544 1553 1589 29,
1588 1543 1662 1589 44,
1697 1543 1761 1588 86,

277 1614 467 1660 „obscena
498 1617 634 1662 pastu,
669 1615 791 1650 crista
822 1613 983 1650 visenda
1014 1612 1202 1662 plicatili,
1244 1612 1480 1648 contrahens
1520 1624 1605 1648 eam
1638 1610 1764 1647 subri-

273 1694 445 1730 gensque
477 1695 547 1731 per
578 1681 865 1730 longitudinem
900 1678 1084 1730 capitis“,
1118 1680 1183 1717 sed
1209 1681 1325 1717 etiam
1351 1680 1483 1716 mallei
1515 1691 1650 1727 genus,
1683 1679 1764 1716 sive

273 1765 349 1800 quo
391 1751 466 1787 :ilio
507 1751 663 1787 nomine
705 1750 850 1786 ferrum
897 1749 993 1786 illud
1040 1748 1318 1798 appellandum
1365 1753 1444 1794 est,
1493 1760 1569 1796 quo
1615 1746 1766 1796 lapides

272 1818 562 1857 effodiebantur
591 1819 654 1855 vel
686 1818 1013 1863 extrahebantur,
1061 1817 1193 1866 qualia
1235 1830 1339 1866 saepe
1378 1818 1417 1853 in
1457 1815 1676 1865 parietibus
1707 1828 1764 1851 se-

272 1889 526 1936 pulchrorum
567 1886 879 1923 Christianorum
919 1886 1086 1923 fossores
1126 1891 1323 1933 gestantes
1363 1884 1670 1934 conspiciuntur.
1711 1901 1766 1906 —

273 1953 464 1994 delectem
508 1955 600 1991 olim
646 1954 915 2001 emendatum3
963 1954 1242 2003 expectabatur
1293 1953 1594 1998 ..delectarem''.
1640 1965 1675 1988 v.
1717 1950 1766 1988 ad

267 2025 346 2061 Am
378 2025 414 2061 h.
453 2025 542 2061 192.

350 2038 508 2130 plOOl.
551 2087 694 2129 Rediit
725 2092 818 2129 olim
852 2091 1110 2128 emendatum.
1147 2109 1194 2115 —-
1232 2089 1324 2127 Post
1359 2085 1483 2127 Salue
1512 2089 1663 2134 hiatus3
1705 2088 1763 2124 Fl.

276 2158 512 2208 ,‚Sa1uet0“;
546 2159 669 2209 Gepp.
702 2160 859 2197 Miiller.
892 2160 956 2196 ΒΓ.
988 2173 1033 2205 „o
1060 2158 1285 2208 exoptate‘'.
1314 2178 1362 2183 —
1395 2154 1501 2206 Quid
1529 2156 1650 2206 ynate
1679 2152 1764 2193 mi?

271 2229 402 2266 Verba
433 2230 590 2277 repetit,
623 2232 667 2265 ut
697 2230 885 2266 rationem
918 2241 1051 2265 eorum
1084 2232 1255 2276 quaerat,
1290 2227 1336 2264 cf.
1369 2226 1507 2263 Bacch.
1546 2226 1636 2262 112.
1674 2224 1764 2262 145.

275 2299 367 2335 567.
403 2297 490 2342 alia,
525 2309 610 2345 quae
643 2296 757 2334 affert
783 2297 939 2334 Muller.
958 2296 1122 2333 Prosod.
1141 2309 1177 2344 p.
1203 2296 1277 2332 176
1307 2308 1362 2344 sq.
1390 2314 1447 2319 —
1481 2295 1600 2331 1002.
1633 2289 1765 2339 Anat,

273 2380 307 2403 v.
341 2365 482 2414 Amph.
517 2366 609 2402 259.
671 2365 877 2413 Tyndarus
916 2365 1036 2401 rideri
1076 2378 1115 2401 se
1156 2376 1318 2401 censens
1350 2363 1563 2411 Hegionem
1603 2364 1658 2399 ait
1698 2375 1765 2411 pa-

271 2437 369 2470 trem
403 2447 514 2470 suum
545 2435 679 2470 vocari
710 2446 836 2482 posse,
873 2433 963 2481 quia
996 2433 1071 2470 sibi
1103 2433 1200 2469 lucis
1233 2436 1371 2467 auctor
1402 2432 1464 2476 sit,
1499 2443 1618 2479 quum
1649 2443 1688 2466 se
1720 2442 1767 2466 ex

271 2502 496 2551 lapicidinis
528 2501 794 2538 subterraneis
833 2500 1048 2537 reduxerit..
1126 2510 1214 2537 esse
1255 2495 1482 2537 adsimules·
1522 2499 1768 2546 transposuit

277 2570 334 2606 Fl.
368 2589 422 2593 --
464 2570 581 2606 1003.
622 2566 734 2615 mihi,
774 2569 835 2606 vel
866 2570 928 2614 1111,
963 2582 1046 2605 cuin
1079 2570 1259 2617 proximo
1299 2567 1497 2604 coalescit.
1536 2586 1591 2590 —
1629 2562 1769 2602 tuendi

278 2638 361 2675 cod.
403 2638 453 2683 Β,
508 2651 577 2674 nec
623 2642 776 2675 mutare
823 2637 964 2682 audeo,
1019 2636 1086 2672 sed
1132 2636 1224 2672 inde
1270 2648 1347 2672 non
1394 2633 1584 2679 efficitur,
1642 2633 1766 2669 lucem

273 2707 476 2743 masculini
521 2707 676 2755 generis
723 2719 804 2742 esse
859 2703 922 2752 (cf.
965 2705 1015 2741 ad
1054 2704 1143 2740 Aul.
1187 2702 1306 2749 741);
1362 2703 1435 2739 hoc
1487 2703 1589 2738 enim
1634 2702 1768 2750 potius

270 2776 447 2823 pertinet
509 2774 557 2810 ad
620 2774 855 2823 singularem
899 2773 1019 2811 ,illum
1073 2773 1244 2820 antiquae
1299 2769 1591 2807 consuetudinis
1643 2782 1767 2815 usum,
