1845 3171
770 179 810 211 V.
837 182 1024 214 elz—023.
1563 188 1640 225 579

158 309 380 344 antestaris.
441 308 514 346 SA.
547 308 681 345 Tuane
713 321 784 355 ego
817 323 949 355 causa,
997 312 1189 357 carnifex,
1237 312 1451 359 Quoiquam
1485 314 1641 349 mortali

156 374 281 412 libero
313 377 417 414 auris
449 375 665 414 atte1·a1n?“‘
722 377 859 415 Horat.
885 377 965 415 Sat.
993 379 1027 425 I,
1061 381 1098 425 9,
1131 381 1203 417 ’76;
1256 379 1391 425 „Licet
1422 381 1640 418 antestari?

156 442 239 492 Ego
270 457 364 482 vero
395 458 552 495 appono
583 446 839 482 auriculam&
900 446 958 482 Ex
991 447 1132 495 quibus
1165 448 1259 485 locis
1291 453 1455 497 apparet
1486 463 1640 487 accusa-

156 515 281 550 torem
313 514 504 551 antestari
535 527 614 551 non
646 527 744 561 euin,
785 527 899 563 quem
932 515 971 551 in
1003 516 1062 552 ius
1094 519 1216 562 vocat,
1250 515 1317 552 sed
1346 519 1499 564 testem,
1533 521 1573 554 et
1606 519 1642 556 ie

155 584 260 618 recte
290 595 313 618 a
336 581 558 620 Camerario
593 584 775 620 omissum
809 596 903 620 esse.
973 583 1088 620 Miles
1114 587 1262 631 autem,
1296 586 1407 633 quasi
1440 599 1462 621 a
1494 599 1534 622 se
1570 586 1640 623 hoc

155 651 323 700 petitum
365 654 484 697 esset,
532 648 628 688 Non
662 648 752 689 licet
789 651 1013 701 respondet.
1047 672 1100 676 —
1140 654 1231 689 622.
1279 652 1439 690 Numeri
1471 667 1545 691 non
1577 668 1639 691 ex-

155 718 325 768 plentur.
382 718 498 756 Both.
531 718 783 769 „disperdat“
813 733 898 766 scr„
931 719 990 758 Fl.
1028 721 1104 766 „At
1134 723 1173 757 te
1204 719 1422 770 Iuppiter-“,
1456 726 1639 759 neutrum

155 787 249 823 satis
280 790 382 836 apte.
458 784 685 826 Imesmtus
724 789 827 825 infra
857 802 891 825 v.
928 790 1003 825 691
1048 802 1137 825 reus
1175 788 1339 836 dicitur,
1388 790 1474 839 qui,
1521 804 1639 840 quum

154 856 368 893 antestatio
398 856 502 894 facta
532 871 610 894 non
641 859 710 904 sit,
751 859 791 894 in
822 858 880 895 ius
912 858 1086 906 rapitur3
1127 857 1195 894 sed
1225 857 1296 893 hoc
1326 871 1397 907 pro
1428 859 1639 909 obprobrio

154 924 271 961 obiici
302 937 378 962 non
408 928 562 975 potest3
605 926 672 975 qui
702 926 804 964 hunc
834 939 988 963 versum
1019 926 1196 975 scripsit,
1240 925 1346 962 aliud
1378 928 1491 964 simul
1522 928 1638 975 signi—

153 992 329 1031 ficaverit
359 1007 516 1032 necesse
548 998 627 1041 est,
674 995 758 1032 sine
789 995 909 1032 dubio
941 994 1062 1040 idem,
1104 993 1207 1043 quod
1239 994 1322 1030 Mil.
1359 995 1486 1042 1407,
1529 997 1639 1032 testi-

153 1062 248 1099 culis
280 1065 495 1110 carentem3
537 1077 608 1101 nec
638 1063 822 1101 Plautum
853 1063 926 1100 hoc
956 1063 1158 1111 scripsisse
1191 1061 1375 1109 arbitror,
1409 1063 1477 1100 sed
1507 1064 1639 1101 histri-

154 1145 266 1168 onem
284 1132 456 1181 aliquem
481 1132 587 1169 illius
610 1132 687 1169 loci
709 1145 920 1169 memorem
947 1131 1242 1181 frigidissimum
1269 1132 1395 1168 iocum
1420 1132 1638 1171 intrusisse.

151 1200 334 1238 Accessio
387 1201 510 1250 spurii
562 1214 697 1238 versus
754 1214 870 1238 causa
914 1200 989 1237 fuit
1034 1213 1102 1236 cur
1154 1213 1408 1249 personarum
1453 1203 1555 1238 notre
1600 1202 1639 1237 in

152 1271 331 1318 proximo
362 1282 477 1307 versu
501 1264 619 1318 (623)
646 1269 916 1307 turbarentur.
968 1268 1099 1305 Prima
1123 1267 1292 1317 quidem,
1325 1264 1383 1305 Ab
1408 1279 1490 1318 (390,
1524 1279 1640 1318 (suem

153 1333 263 1385 licet,
296 1338 352 1385 te,
385 1338 522 1375 militis
554 1351 638 1374 esse
668 1351 747 1374 non
777 1350 903 1386 posse,
936 1337 1050 1374 facile
1082 1339 1269 1386 apparet,
1316 1350 1406 1373 nam
1437 1336 1637 1384 Voigtium

152 1420 230 1443 non
261 1419 401 1444 vereor
431 1419 480 1444 ne
511 1407 718 1456 quisquam
750 1409 941 1455 sequatur
970 1407 1010 1442 in
1036 1406 1137 1443 Mus.
1164 1405 1288 1443 Rhen.
1313 1404 1473 1451 XXVII,
1500 1418 1538 1454 p.
1562 1406 1634 1441 171

152 1476 205 1512 sic
257 1478 523 1512 enarrantem:
583 1476 661 1522 „At
698 1487 790 1525 ego,
838 1488 953 1524 quem
993 1474 1101 1520 licet,
1148 1477 1207 1520 te,
1247 1488 1297 1511 sc.
1330 1473 1460 1510 iuius
1500 1470 1636 1510 uoco“.

152 1543 380 1581 Curculioni
410 1543 600 1581 dederant
642 1543 812 1581 editores
842 1543 1056 1581 Robertum
1097 1544 1239 1590 secuti,
1280 1555 1512 1591 quamquam
1545 1541 1639 1588 quid

150 1613 182 1649 is
212 1612 419 1660 voluisset,
460 1626 599 1662 parum.
630 1613 951 1662 intelligebatur3
996 1612 1078 1649 FL:
1130 1610 1269 1659 „CUR
1304 1610 1356 1647 At
1388 1623 1481 1660 ego,
1525 1623 1636 1660 quem

150 1681 252 1718 licet.
308 1681 388 1718 PH.
427 1681 487 1719 Tu
518 1681 660 1720 accede
690 1679 813 1728 huc“;
855 1694 941 1730 quae
971 1682 1028 1718 ita
1058 1682 1213 1717 enarrat
1240 1679 1473 1716 Merclinus:
1519 1680 1637 1725 „Cur-

150 1750 252 1787 culio
285 1753 426 1787 testem
457 1764 498 1788 se
529 1751 663 1788 offert:
705 1751 758 1788 At
785 1763 856 1799 ego
887 1748 937 1797 (is
965 1747 1080 1796 sum),
1116 1762 1230 1797 quem
1255 1749 1345 1784 licet
1372 1743 1637 1796 (antestari)“,

149 1819 301 1856 omissis
334 1832 419 1869 quae
452 1819 581 1857 audiri
611 1819 718 1856 nullo
750 1819 866 1857 modo
898 1822 1075 1868 possunt.
1121 1817 1242 1854 Immo
1267 1815 1489 1853 Phaedromi
1516 1816 1637 1852 verba

149 1891 240 1924 sunt
271 1888 319 1925 ad
350 1901 386 1926 v.
415 1889 491 1926 621
526 1888 816 1937 respondentis.
870 1886 954 1935 Ego
986 1899 1090 1932 vero,
1123 1886 1266 1934 inquit,
1300 1884 1393 1934 quid
1424 1888 1479 1931 tu,
1512 1884 1635 1930 miles,

149 1956 359 2005 concedas,
399 1969 477 1994 non
507 1970 618 2004 curo3
664 1970 735 1994 nec
765 1960 804 1994 te
835 1959 1029 2003 antestor,
1079 1953 1146 1991 sed
1178 1953 1470 2001 Curculionem,
1519 1967 1633 2003 quein

148 2025 259 2072 licet,
307 2026 332 2064 i.
366 2039 399 2064 e.
432 2026 609 2075 quinon
640 2025 848 2064 recusabit.
910 2024 1032 2063 Simul
1069 2023 1286 2061 orationem
1329 2022 1377 2060 ad
1418 2024 1633 2072 parasitum

149 2095 344 2132 convertit
374 2108 542 2145 eumque
573 2095 757 2132 accedere
787 2095 908 2132 iubet.
939 2113 994 2118 -—-
1016 2092 1203 2131 Proxima
1235 2089 1408 2131 Seruom
1439 2089 1637 2129 (antestari

148 2163 286 2200 militis
324 2166 434 2211 sunt,
482 2164 549 2213 qui
587 2167 631 2201 ut
668 2164 859 2201 actionem
900 2162 1112 2209 detrectet,
1160 2162 1475 2199 antestationem·
1508 2163 1632 2196 ratam

148 2244 232 2268 esse
261 2235 401 2280 negat3
444 2233 590 2283 quippe
623 2232 892 2270 Curculionem
924 2245 1097 2280 servum,
1135 2244 1214 2269 non
1244 2230 1411 2268 liberum
1441 2229 1633 2265 hominem

149 2313 247 2338 esse.
307 2300 366 2338 De
395 2300 593 2340 infinitivo
623 2301 702 2340 vid.
734 2300 866 2338 Madv.
899 2299 965 2338 Gr.
999 2299 1087 2338 Lat.
1123 2301 1214 2337 399.
1276 2299 1364 2335 Ter.
1388 2296 1511 2335 Andr.
1539 2298 1632 2334 870.

148 2368 248 2406 Eun.
275 2371 369 2408 209.
417 2383 536 2421 supra
569 2372 662 2408 200.
693 2389 746 2394 —
779 2366 874 2407 ruide
905 2368 991 2407 edd.
1024 2368 1139 2406 militi
1173 2369 1425 2412 continuant;
1457 2365 1634 2414 indigna-

146 2439 313 2485 tionem,
356 2438 491 2486 credo,
523 2437 734 2488 significari
766 2440 976 2488 putarunt,
1016 2440 1060 2474 ut
1090 2437 1130 2473 in
1166 2435 1300 2482 „illuc,
1340 2436 1412 2480 sis,
1445 2430 1560 2470 uidc“
1597 2436 1634 2469 et

154 2507 250 2553 „hoc
272 2505 406 2554 uide“,
437 2521 474 2545 v.
502 2507 551 2545 ad
575 2507 664 2544 Aul.
684 2507 749 2543 46.
812 2506 886 2543 Sed
918 2505 1083 2554 simplex
1121 2501 1260 2550 „uide“
1296 2504 1359 2540 vix
1391 2503 1445 2539 sic
1477 2501 1631 2538 dicitur.

147 2573 266 2612 Novae
291 2588 470 2624 personae
495 2576 715 2613 orationem
740 2574 802 2613 hic
826 2576 998 2624 incipere
1021 2575 1218 2609 testantur
1244 2571 1368 2616 codd.‚
1401 2570 1469 2607 sed
1494 2583 1633 2606 nomen

147 2643 246 2681 male
287 2644 486 2694 expletum
524 2647 603 2691 est3
664 2643 908 2681 Curculionis
945 2640 1066 2679 verba
1103 2642 1204 2677 sunt.
1279 2640 1315 2676 Is
1356 2651 1487 2675 aurem
1525 2637 1633 2674 Phae-

149 2712 286 2750 dromo
317 2714 508 2763 porrigit,
551 2716 591 2750 et
621 2712 787 2750 militem
818 2714 996 2761 spectare
1027 2708 1147 2755 iubet,
1180 2721 1256 2757 quo
1287 2706 1400 2744 modo
1432 2719 1471 2742 se
1504 2705 1632 2742 adole-

151 2794 260 2818 scens
291 2785 529 2828 antestetur,
569 2784 612 2818 ut
651 2782 750 2818 sciat
787 2794 827 2817 se
858 2779 1023 2815 liberum
1056 2790 1152 2813 esse.
1184 2795 1239 2801 —-
1280 2776 1370 2812 624.
1409 2773 1633 2811 Interiectio

1298 2849 1362 2885 37*
