<?xml version="1.0" encoding="UTF-8"?>
<!DOCTYPE html PUBLIC "-//W3C//DTD XHTML 1.0 Transitional//EN"
    "http://www.w3.org/TR/xhtml1/DTD/xhtml1-transitional.dtd">
<html xmlns="http://www.w3.org/1999/xhtml" xml:lang="en" lang="en">
 <head>
  <title>
</title>
<meta http-equiv="Content-Type" content="text/html;charset=utf-8" />
  <meta name='ocr-system' content='tesseract 3.04.00' />
  <meta name='ocr-capabilities' content='ocr_page ocr_carea ocr_par ocr_line ocrx_word'/>
</head>
<body>
  <div class='ocr_page' id='page_1' title='image "./comoediaerecensu02plauuoft_0511.png"; bbox 0 0 1897 3171; ppageno 0'>
   <div class='ocr_carea' id='block_1_1' title="bbox 737 185 1604 228">
    <p class='ocr_par' dir='ltr' id='par_1_1' title="bbox 737 185 1604 228">
     <span class='ocr_line' id='line_1_1' title="bbox 737 185 1604 228; baseline 0.01 -9"><span class='ocrx_word' id='word_1_1' title='bbox 737 185 780 219; x_wconf 92' lang='lat' dir='ltr'>V.</span> <span class='ocrx_word' id='word_1_2' title='bbox 806 187 995 220; x_wconf 74' lang='lat'>477—497.</span> <span class='ocrx_word' id='word_1_3' title='bbox 1524 190 1578 228; x_wconf 89' lang='lat'>49</span> <span class='ocrx_word' id='word_1_4' title='bbox 1586 190 1604 227; x_wconf 94' lang='lat'>1</span> 
     </span>
    </p>
   </div>
   <div class='ocr_carea' id='block_1_2' title="bbox 112 314 1612 2821">
    <p class='ocr_par' dir='ltr' id='par_1_2' title="bbox 112 314 1612 2001">
     <span class='ocr_line' id='line_1_2' title="bbox 117 314 1604 366; baseline 0.002 -15"><span class='ocrx_word' id='word_1_5' title='bbox 117 314 338 362; x_wconf 88' lang='lat' dir='ltr'>ferendum,</span> <span class='ocrx_word' id='word_1_6' title='bbox 384 317 534 366; x_wconf 89' lang='lat' dir='ltr'>primus</span> <span class='ocrx_word' id='word_1_7' title='bbox 578 314 738 352; x_wconf 73' lang='lat' dir='ltr'>seclusit</span> <span class='ocrx_word' id='word_1_8' title='bbox 776 315 837 352; x_wconf 89' lang='lat' dir='ltr'>Fl.</span> <span class='ocrx_word' id='word_1_9' title='bbox 877 334 928 340; x_wconf 91' lang='lat'>—-</span> <span class='ocrx_word' id='word_1_10' title='bbox 971 315 1064 355; x_wconf 83' lang='lat'>491.</span> <span class='ocrx_word' id='word_1_11' title='bbox 1112 314 1325 355; x_wconf 71' lang='lat' dir='ltr'>barbarica</span> <span class='ocrx_word' id='word_1_12' title='bbox 1366 314 1468 366; x_wconf 66' lang='lat'>2696,</span> <span class='ocrx_word' id='word_1_13' title='bbox 1515 317 1540 353; x_wconf 90' lang='lat' dir='ltr'>i.</span> <span class='ocrx_word' id='word_1_14' title='bbox 1574 330 1604 354; x_wconf 90' lang='lat' dir='ltr'>e.</span> 
     </span>
     <span class='ocr_line' id='line_1_3' title="bbox 116 383 1607 433; baseline 0.001 -12"><span class='ocrx_word' id='word_1_15' title='bbox 116 383 316 430; x_wconf 88' lang='lat' dir='ltr'>Romana,</span> <span class='ocrx_word' id='word_1_16' title='bbox 346 397 383 421; x_wconf 85' lang='lat' dir='ltr'>v.</span> <span class='ocrx_word' id='word_1_17' title='bbox 417 383 466 421; x_wconf 87' lang='lat' dir='ltr'>ad</span> <span class='ocrx_word' id='word_1_18' title='bbox 496 383 606 420; x_wconf 84' lang='lat' dir='ltr'>Asin.</span> <span class='ocrx_word' id='word_1_19' title='bbox 642 384 705 420; x_wconf 91' lang='grc'>11.</span> <span class='ocrx_word' id='word_1_20' title='bbox 766 383 891 429; x_wconf 81' lang='lat' dir='ltr'>Quum</span> <span class='ocrx_word' id='word_1_21' title='bbox 932 384 1006 421; x_wconf 84' lang='lat' dir='ltr'>viri</span> <span class='ocrx_word' id='word_1_22' title='bbox 1046 385 1152 423; x_wconf 88' lang='lat' dir='ltr'>docti</span> <span class='ocrx_word' id='word_1_23' title='bbox 1193 386 1292 423; x_wconf 86' lang='lat' dir='ltr'>alius</span> <span class='ocrx_word' id='word_1_24' title='bbox 1333 385 1450 422; x_wconf 77' lang='lat' dir='ltr'>aliam</span> <span class='ocrx_word' id='word_1_25' title='bbox 1482 385 1607 433; x_wconf 86' lang='lat' dir='ltr'>legem</span> 
     </span>
     <span class='ocr_line' id='line_1_4' title="bbox 117 449 1606 503; baseline 0.001 -15"><span class='ocrx_word' id='word_1_26' title='bbox 117 451 179 489; x_wconf 87' lang='lat' dir='ltr'>hic</span> <span class='ocrx_word' id='word_1_27' title='bbox 226 451 395 500; x_wconf 78' lang='lat' dir='ltr'>intelligi</span> <span class='ocrx_word' id='word_1_28' title='bbox 441 452 629 503; x_wconf 88' lang='lat' dir='ltr'>suspicati</span> <span class='ocrx_word' id='word_1_29' title='bbox 675 454 806 488; x_wconf 89' lang='lat' dir='ltr'>essent</span> <span class='ocrx_word' id='word_1_30' title='bbox 853 449 906 498; x_wconf 88' lang='lat' dir='ltr'>(v.</span> <span class='ocrx_word' id='word_1_31' title='bbox 946 452 1164 501; x_wconf 86' lang='lat' dir='ltr'>Vissering,</span> <span class='ocrx_word' id='word_1_32' title='bbox 1212 453 1356 499; x_wconf 82' lang='lat' dir='ltr'>Quaest.</span> <span class='ocrx_word' id='word_1_33' title='bbox 1396 453 1525 491; x_wconf 87' lang='lat' dir='ltr'>Plaut.</span> <span class='ocrx_word' id='word_1_34' title='bbox 1557 454 1606 501; x_wconf 91' lang='lat' dir='ltr'>II,</span> 
     </span>
     <span class='ocr_line' id='line_1_5' title="bbox 116 516 1608 571; baseline 0.001 -14"><span class='ocrx_word' id='word_1_35' title='bbox 116 534 155 571; x_wconf 88' lang='lat' dir='ltr'>p.</span> <span class='ocrx_word' id='word_1_36' title='bbox 190 517 280 567; x_wconf 83' lang='lat'>30),</span> <span class='ocrx_word' id='word_1_37' title='bbox 326 520 487 558; x_wconf 89' lang='lat' dir='ltr'>Rostius</span> <span class='ocrx_word' id='word_1_38' title='bbox 527 516 687 570; x_wconf 90' lang='lat' dir='ltr'>(Opusc.</span> <span class='ocrx_word' id='word_1_39' title='bbox 719 519 850 558; x_wconf 86' lang='lat' dir='ltr'>Plaut.</span> <span class='ocrx_word' id='word_1_40' title='bbox 878 519 916 567; x_wconf 88' lang='lat' dir='ltr'>I,</span> <span class='ocrx_word' id='word_1_41' title='bbox 956 535 994 571; x_wconf 88' lang='lat' dir='ltr'>p.</span> <span class='ocrx_word' id='word_1_42' title='bbox 1031 523 1079 558; x_wconf 80' lang='lat'>56</span> <span class='ocrx_word' id='word_1_43' title='bbox 1120 519 1223 571; x_wconf 85' lang='lat' dir='ltr'>sqq.)</span> <span class='ocrx_word' id='word_1_44' title='bbox 1270 521 1418 558; x_wconf 85' lang='lat' dir='ltr'>nullam</span> <span class='ocrx_word' id='word_1_45' title='bbox 1464 526 1608 559; x_wconf 87' lang='lat' dir='ltr'>certam</span> 
     </span>
     <span class='ocr_line' id='line_1_6' title="bbox 116 587 1608 639; baseline 0.002 -15"><span class='ocrx_word' id='word_1_46' title='bbox 116 588 241 636; x_wconf 86' lang='lat' dir='ltr'>legem</span> <span class='ocrx_word' id='word_1_47' title='bbox 273 587 487 636; x_wconf 82' lang='lat' dir='ltr'>significari</span> <span class='ocrx_word' id='word_1_48' title='bbox 521 587 753 635; x_wconf 85' lang='lat' dir='ltr'>affirmavit,</span> <span class='ocrx_word' id='word_1_49' title='bbox 800 588 869 625; x_wconf 91' lang='lat' dir='ltr'>sed</span> <span class='ocrx_word' id='word_1_50' title='bbox 899 590 1032 639; x_wconf 90' lang='lat' dir='ltr'>potius</span> <span class='ocrx_word' id='word_1_51' title='bbox 1062 591 1284 627; x_wconf 85' lang='lat' dir='ltr'>universam</span> <span class='ocrx_word' id='word_1_52' title='bbox 1316 589 1481 627; x_wconf 87' lang='lat' dir='ltr'>Romani</span> <span class='ocrx_word' id='word_1_53' title='bbox 1512 592 1608 627; x_wconf 87' lang='lat' dir='ltr'>iuris</span> 
     </span>
     <span class='ocr_line' id='line_1_7' title="bbox 117 655 1608 709; baseline 0.001 -15"><span class='ocrx_word' id='word_1_54' title='bbox 117 657 328 704; x_wconf 87' lang='lat' dir='ltr'>rationem,</span> <span class='ocrx_word' id='word_1_55' title='bbox 363 670 440 706; x_wconf 88' lang='lat' dir='ltr'>qua</span> <span class='ocrx_word' id='word_1_56' title='bbox 470 657 511 692; x_wconf 90' lang='lat' dir='ltr'>in</span> <span class='ocrx_word' id='word_1_57' title='bbox 543 669 608 693; x_wconf 89' lang='lat' dir='ltr'>eos</span> <span class='ocrx_word' id='word_1_58' title='bbox 640 655 899 694; x_wconf 80' lang='lat' dir='ltr'>animadverti</span> <span class='ocrx_word' id='word_1_59' title='bbox 929 660 1080 707; x_wconf 90' lang='lat' dir='ltr'>posset,</span> <span class='ocrx_word' id='word_1_60' title='bbox 1123 658 1187 706; x_wconf 88' lang='lat' dir='ltr'>qui</span> <span class='ocrx_word' id='word_1_61' title='bbox 1220 658 1441 707; x_wconf 74' lang='lat' dir='ltr'>perniciosa⁷</span> <span class='ocrx_word' id='word_1_62' title='bbox 1471 659 1511 695; x_wconf 91' lang='lat' dir='ltr'>in</span> <span class='ocrx_word' id='word_1_63' title='bbox 1542 672 1608 709; x_wconf 86' lang='lat' dir='ltr'>po-</span> 
     </span>
     <span class='ocr_line' id='line_1_8' title="bbox 116 724 1607 776; baseline 0.002 -14"><span class='ocrx_word' id='word_1_64' title='bbox 116 725 252 776; x_wconf 89' lang='lat' dir='ltr'>pulum</span> <span class='ocrx_word' id='word_1_65' title='bbox 284 725 448 762; x_wconf 88' lang='lat' dir='ltr'>consilia</span> <span class='ocrx_word' id='word_1_66' title='bbox 478 724 643 771; x_wconf 82' lang='lat' dir='ltr'>inirent3</span> <span class='ocrx_word' id='word_1_67' title='bbox 690 737 733 761; x_wconf 86' lang='lat' dir='ltr'>ac</span> <span class='ocrx_word' id='word_1_68' title='bbox 763 724 1040 762; x_wconf 86' lang='lat' dir='ltr'>frumentarios</span> <span class='ocrx_word' id='word_1_69' title='bbox 1073 725 1250 773; x_wconf 87' lang='lat' dir='ltr'>quidem,</span> <span class='ocrx_word' id='word_1_70' title='bbox 1292 727 1377 775; x_wconf 89' lang='lat' dir='ltr'>qui,</span> <span class='ocrx_word' id='word_1_71' title='bbox 1417 730 1461 763; x_wconf 93' lang='lat' dir='ltr'>ut</span> <span class='ocrx_word' id='word_1_72' title='bbox 1491 741 1607 765; x_wconf 83' lang='lat' dir='ltr'>auno·</span> 
     </span>
     <span class='ocr_line' id='line_1_9' title="bbox 116 793 1608 839; baseline 0.002 -9"><span class='ocrx_word' id='word_1_73' title='bbox 116 807 204 831; x_wconf 85' lang='lat' dir='ltr'>nam</span> <span class='ocrx_word' id='word_1_74' title='bbox 230 793 496 839; x_wconf 85' lang='lat' dir='ltr'>incenderent,</span> <span class='ocrx_word' id='word_1_75' title='bbox 528 793 765 830; x_wconf 86' lang='lat' dir='ltr'>frumentum</span> <span class='ocrx_word' id='word_1_76' title='bbox 788 793 958 830; x_wconf 83' lang='lat' dir='ltr'>vendere</span> <span class='ocrx_word' id='word_1_77' title='bbox 984 793 1213 839; x_wconf 73' lang='lat' dir='ltr'>noluissent,</span> <span class='ocrx_word' id='word_1_78' title='bbox 1247 793 1378 830; x_wconf 79' lang='lat' dir='ltr'>aediles</span> <span class='ocrx_word' id='word_1_79' title='bbox 1402 794 1608 833; x_wconf 85' lang='lat' dir='ltr'>damnasse</span> 
     </span>
     <span class='ocr_line' id='line_1_10' title="bbox 117 860 1608 911; baseline 0.001 -13"><span class='ocrx_word' id='word_1_80' title='bbox 117 874 219 911; x_wconf 87' lang='lat' dir='ltr'>saepe</span> <span class='ocrx_word' id='word_1_81' title='bbox 263 861 455 898; x_wconf 84' lang='lat' dir='ltr'>videmus.</span> <span class='ocrx_word' id='word_1_82' title='bbox 537 860 681 898; x_wconf 89' lang='lat' dir='ltr'>Verum</span> <span class='ocrx_word' id='word_1_83' title='bbox 722 860 854 897; x_wconf 85' lang='lat' dir='ltr'>Plauti</span> <span class='ocrx_word' id='word_1_84' title='bbox 902 861 1018 898; x_wconf 81' lang='lat' dir='ltr'>verba</span> <span class='ocrx_word' id='word_1_85' title='bbox 1074 865 1223 898; x_wconf 84' lang='lat' dir='ltr'>certam</span> <span class='ocrx_word' id='word_1_86' title='bbox 1271 862 1438 910; x_wconf 81' lang='lat' dir='ltr'>aliquam</span> <span class='ocrx_word' id='word_1_87' title='bbox 1484 864 1608 911; x_wconf 82' lang='lat' dir='ltr'>legem</span> 
     </span>
     <span class='ocr_line' id='line_1_11' title="bbox 116 928 1608 980; baseline 0.001 -13"><span class='ocrx_word' id='word_1_88' title='bbox 116 929 289 967; x_wconf 86' lang='lat' dir='ltr'>indicare</span> <span class='ocrx_word' id='word_1_89' title='bbox 319 929 517 966; x_wconf 88' lang='lat' dir='ltr'>videntur.</span> <span class='ocrx_word' id='word_1_90' title='bbox 577 928 730 966; x_wconf 83' lang='lat' dir='ltr'>Nomen</span> <span class='ocrx_word' id='word_1_91' title='bbox 763 932 801 965; x_wconf 85' lang='lat' dir='ltr'>et</span> <span class='ocrx_word' id='word_1_92' title='bbox 832 932 926 966; x_wconf 90' lang='lat' dir='ltr'>aetas</span> <span class='ocrx_word' id='word_1_93' title='bbox 958 930 1057 977; x_wconf 84' lang='lat' dir='ltr'>legis</span> <span class='ocrx_word' id='word_1_94' title='bbox 1089 932 1227 979; x_wconf 80' lang='lat' dir='ltr'>ignota</span> <span class='ocrx_word' id='word_1_95' title='bbox 1259 934 1368 977; x_wconf 84' lang='lat' dir='ltr'>sunt,</span> <span class='ocrx_word' id='word_1_96' title='bbox 1402 931 1471 967; x_wconf 87' lang='lat' dir='ltr'>sed</span> <span class='ocrx_word' id='word_1_97' title='bbox 1503 933 1608 980; x_wconf 87' lang='lat' dir='ltr'>quod</span> 
     </span>
     <span class='ocr_line' id='line_1_12' title="bbox 116 994 1609 1046; baseline 0.002 -11"><span class='ocrx_word' id='word_1_98' title='bbox 116 999 203 1046; x_wconf 85' lang='lat' dir='ltr'>lege</span> <span class='ocrx_word' id='word_1_99' title='bbox 234 997 341 1035; x_wconf 83' lang='lat' dir='ltr'>Julia</span> <span class='ocrx_word' id='word_1_100' title='bbox 371 996 418 1033; x_wconf 90' lang='lat' dir='ltr'>de</span> <span class='ocrx_word' id='word_1_101' title='bbox 450 1009 603 1034; x_wconf 87' lang='lat' dir='ltr'>annona</span> <span class='ocrx_word' id='word_1_102' title='bbox 635 994 686 1042; x_wconf 84' lang='lat' dir='ltr'>(v.</span> <span class='ocrx_word' id='word_1_103' title='bbox 719 996 871 1044; x_wconf 76' lang='lat' dir='ltr'>Digest.</span> <span class='ocrx_word' id='word_1_104' title='bbox 903 997 1088 1043; x_wconf 76' lang='lat' dir='ltr'>XLVIII,</span> <span class='ocrx_word' id='word_1_105' title='bbox 1127 997 1187 1044; x_wconf 74' lang='lat'>12,</span> <span class='ocrx_word' id='word_1_106' title='bbox 1223 996 1262 1042; x_wconf 71' lang='lat'>2)</span> <span class='ocrx_word' id='word_1_107' title='bbox 1304 999 1491 1037; x_wconf 82' lang='lat' dir='ltr'>adversus</span> <span class='ocrx_word' id='word_1_108' title='bbox 1523 1014 1609 1038; x_wconf 90' lang='lat' dir='ltr'>eum</span> 
     </span>
     <span class='ocr_line' id='line_1_13' title="bbox 118 1065 1610 1116; baseline 0.003 -14"><span class='ocrx_word' id='word_1_109' title='bbox 118 1067 184 1116; x_wconf 90' lang='lat' dir='ltr'>qui</span> <span class='ocrx_word' id='word_1_110' title='bbox 216 1068 354 1103; x_wconf 84' lang='lat' dir='ltr'>contra</span> <span class='ocrx_word' id='word_1_111' title='bbox 385 1078 578 1102; x_wconf 76' lang='lat' dir='ltr'>annonam</span> <span class='ocrx_word' id='word_1_112' title='bbox 618 1065 775 1102; x_wconf 77' lang='lat' dir='ltr'>fecisset</span> <span class='ocrx_word' id='word_1_113' title='bbox 816 1067 1095 1103; x_wconf 78' lang='lat' dir='ltr'>societatemve</span> <span class='ocrx_word' id='word_1_114' title='bbox 1136 1068 1297 1113; x_wconf 82' lang='lat' dir='ltr'>coisset,</span> <span class='ocrx_word' id='word_1_115' title='bbox 1339 1081 1416 1116; x_wconf 87' lang='lat' dir='ltr'>quo</span> <span class='ocrx_word' id='word_1_116' title='bbox 1455 1082 1610 1106; x_wconf 88' lang='lat' dir='ltr'>annona</span> 
     </span>
     <span class='ocr_line' id='line_1_14' title="bbox 118 1132 1611 1186; baseline 0.002 -14"><span class='ocrx_word' id='word_1_117' title='bbox 118 1136 246 1172; x_wconf 84' lang='lat' dir='ltr'>carior</span> <span class='ocrx_word' id='word_1_118' title='bbox 290 1132 420 1180; x_wconf 87' lang='lat' dir='ltr'>fieret,</span> <span class='ocrx_word' id='word_1_119' title='bbox 465 1146 619 1184; x_wconf 85' lang='lat' dir='ltr'>poenam</span> <span class='ocrx_word' id='word_1_120' title='bbox 657 1136 848 1170; x_wconf 83' lang='lat' dir='ltr'>statutam</span> <span class='ocrx_word' id='word_1_121' title='bbox 897 1147 979 1170; x_wconf 88' lang='lat' dir='ltr'>esse</span> <span class='ocrx_word' id='word_1_122' title='bbox 1019 1136 1214 1182; x_wconf 86' lang='lat' dir='ltr'>novimus,</span> <span class='ocrx_word' id='word_1_123' title='bbox 1263 1135 1302 1171; x_wconf 85' lang='lat' dir='ltr'>id</span> <span class='ocrx_word' id='word_1_124' title='bbox 1342 1137 1417 1172; x_wconf 83' lang='lat' dir='ltr'>iam</span> <span class='ocrx_word' id='word_1_125' title='bbox 1457 1137 1611 1186; x_wconf 86' lang='lat' dir='ltr'>aliquot</span> 
     </span>
     <span class='ocr_line' id='line_1_15' title="bbox 117 1201 1608 1252; baseline 0.002 -13"><span class='ocrx_word' id='word_1_126' title='bbox 117 1203 270 1240; x_wconf 88' lang='lat' dir='ltr'>saeculis</span> <span class='ocrx_word' id='word_1_127' title='bbox 303 1205 395 1239; x_wconf 87' lang='lat' dir='ltr'>ante</span> <span class='ocrx_word' id='word_1_128' title='bbox 426 1201 569 1238; x_wconf 88' lang='lat' dir='ltr'>factum</span> <span class='ocrx_word' id='word_1_129' title='bbox 604 1214 686 1238; x_wconf 90' lang='lat' dir='ltr'>esse</span> <span class='ocrx_word' id='word_1_130' title='bbox 719 1206 894 1252; x_wconf 86' lang='lat' dir='ltr'>apparet.</span> <span class='ocrx_word' id='word_1_131' title='bbox 955 1202 1158 1239; x_wconf 80' lang='lat' dir='ltr'>Parasitus</span> <span class='ocrx_word' id='word_1_132' title='bbox 1191 1203 1227 1240; x_wconf 92' lang='lat' dir='ltr'>h.</span> <span class='ocrx_word' id='word_1_133' title='bbox 1257 1203 1282 1240; x_wconf 89' lang='grc'>1.</span> <span class='ocrx_word' id='word_1_134' title='bbox 1312 1217 1417 1241; x_wconf 89' lang='lat' dir='ltr'>suam</span> <span class='ocrx_word' id='word_1_135' title='bbox 1453 1218 1608 1243; x_wconf 88' lang='lat' dir='ltr'>causam</span> 
     </span>
     <span class='ocr_line' id='line_1_16' title="bbox 112 1268 1612 1324; baseline 0.002 -16"><span class='ocrx_word' id='word_1_136' title='bbox 112 1271 255 1322; x_wconf 76' lang='lat' dir='ltr'>vpopuli</span> <span class='ocrx_word' id='word_1_137' title='bbox 284 1270 396 1317; x_wconf 85' lang='lat' dir='ltr'>facit,</span> <span class='ocrx_word' id='word_1_138' title='bbox 430 1274 469 1306; x_wconf 85' lang='lat' dir='ltr'>et</span> <span class='ocrx_word' id='word_1_139' title='bbox 500 1272 611 1319; x_wconf 85' lang='lat' dir='ltr'>quasi</span> <span class='ocrx_word' id='word_1_140' title='bbox 644 1271 726 1320; x_wconf 87' lang='lat' dir='ltr'>ipse</span> <span class='ocrx_word' id='word_1_141' title='bbox 758 1271 1016 1319; x_wconf 73' lang='lat' dir='ltr'>magistratus</span> <span class='ocrx_word' id='word_1_142' title='bbox 1048 1272 1116 1317; x_wconf 88' lang='lat' dir='ltr'>sit,</span> <span class='ocrx_word' id='word_1_143' title='bbox 1160 1268 1267 1308; x_wconf 73' lang='lat' dir='ltr'>diem</span> <span class='ocrx_word' id='word_1_144' title='bbox 1300 1269 1418 1320; x_wconf 68' lang='lat' dir='ltr'>dicit,</span> <span class='ocrx_word' id='word_1_145' title='bbox 1452 1270 1612 1324; x_wconf 69' lang='lat' dir='ltr'>irroyca‘</span> 
     </span>
     <span class='ocr_line' id='line_1_17' title="bbox 116 1334 1609 1389; baseline 0.002 -13"><span class='ocrx_word' id='word_1_146' title='bbox 116 1335 287 1377; x_wconf 68' lang='lat' dir='ltr'>multam</span> <span class='ocrx_word' id='word_1_147' title='bbox 320 1336 384 1386; x_wconf 87' lang='lat' dir='ltr'>(cf.</span> <span class='ocrx_word' id='word_1_148' title='bbox 417 1338 494 1376; x_wconf 84' lang='lat' dir='ltr'>Cic.</span> <span class='ocrx_word' id='word_1_149' title='bbox 518 1353 555 1389; x_wconf 85' lang='lat' dir='ltr'>p.</span> <span class='ocrx_word' id='word_1_150' title='bbox 584 1338 721 1376; x_wconf 89' lang='lat' dir='ltr'>Milon.</span> <span class='ocrx_word' id='word_1_151' title='bbox 753 1339 814 1385; x_wconf 90' lang='lat'>14,</span> <span class='ocrx_word' id='word_1_152' title='bbox 851 1334 941 1386; x_wconf 70' lang='lat'>36),</span> <span class='ocrx_word' id='word_1_153' title='bbox 982 1340 1111 1376; x_wconf 88' lang='lat' dir='ltr'>omnia</span> <span class='ocrx_word' id='word_1_154' title='bbox 1143 1339 1191 1376; x_wconf 87' lang='lat' dir='ltr'>ad</span> <span class='ocrx_word' id='word_1_155' title='bbox 1223 1341 1344 1377; x_wconf 87' lang='lat' dir='ltr'>risum</span> <span class='ocrx_word' id='word_1_156' title='bbox 1376 1342 1609 1379; x_wconf 79' lang='lat' dir='ltr'>movendum</span> 
     </span>
     <span class='ocr_line' id='line_1_18' title="bbox 118 1404 1609 1458; baseline 0.001 -13"><span class='ocrx_word' id='word_1_157' title='bbox 118 1408 265 1458; x_wconf 89' lang='lat' dir='ltr'>optime</span> <span class='ocrx_word' id='word_1_158' title='bbox 311 1410 533 1457; x_wconf 84' lang='lat' dir='ltr'>comparata</span> <span class='ocrx_word' id='word_1_159' title='bbox 578 1410 680 1445; x_wconf 88' lang='lat' dir='ltr'>sunt.</span> <span class='ocrx_word' id='word_1_160' title='bbox 727 1427 781 1432; x_wconf 92' lang='lat'>—</span> <span class='ocrx_word' id='word_1_161' title='bbox 828 1408 922 1444; x_wconf 77' lang='lat'>492.</span> <span class='ocrx_word' id='word_1_162' title='bbox 971 1404 1185 1445; x_wconf 53' lang='lat' dir='ltr'>Cowsss&#39;l‘ium</span> <span class='ocrx_word' id='word_1_163' title='bbox 1225 1409 1364 1458; x_wconf 79' lang='lat' dir='ltr'>scripsi</span> <span class='ocrx_word' id='word_1_164' title='bbox 1406 1423 1491 1446; x_wconf 90' lang='lat' dir='ltr'>cum</span> <span class='ocrx_word' id='word_1_165' title='bbox 1523 1411 1609 1447; x_wconf 87' lang='lat' dir='ltr'>aliis</span> 
     </span>
     <span class='ocr_line' id='line_1_19' title="bbox 118 1473 1610 1529; baseline 0.002 -17"><span class='ocrx_word' id='word_1_166' title='bbox 118 1478 157 1512; x_wconf 90' lang='lat' dir='ltr'>et</span> <span class='ocrx_word' id='word_1_167' title='bbox 186 1475 267 1522; x_wconf 86' lang='lat' dir='ltr'>Fl.;</span> <span class='ocrx_word' id='word_1_168' title='bbox 304 1473 558 1522; x_wconf 82' lang='lat' dir='ltr'>„coucilium“</span> <span class='ocrx_word' id='word_1_169' title='bbox 595 1475 703 1513; x_wconf 86' lang='lat' dir='ltr'>aliud</span> <span class='ocrx_word' id='word_1_170' title='bbox 732 1475 895 1513; x_wconf 83' lang='lat' dir='ltr'>verbum</span> <span class='ocrx_word' id='word_1_171' title='bbox 927 1476 1158 1524; x_wconf 71' lang='lat' dir='ltr'>postularet.</span> <span class='ocrx_word' id='word_1_172' title='bbox 1229 1477 1340 1513; x_wconf 85' lang='lat' dir='ltr'>Alter</span> <span class='ocrx_word' id='word_1_173' title='bbox 1377 1491 1511 1515; x_wconf 81' lang='lat' dir='ltr'>versus</span> <span class='ocrx_word' id='word_1_174' title='bbox 1542 1493 1610 1529; x_wconf 89' lang='lat' dir='ltr'>pes</span> 
     </span>
     <span class='ocr_line' id='line_1_20' title="bbox 116 1542 1609 1595; baseline 0.002 -15"><span class='ocrx_word' id='word_1_175' title='bbox 116 1544 486 1595; x_wconf 72' lang='lat' dir='ltr'>proceleusmaticus</span> <span class='ocrx_word' id='word_1_176' title='bbox 526 1547 596 1581; x_wconf 87' lang='lat' dir='ltr'>est.</span> <span class='ocrx_word' id='word_1_177' title='bbox 652 1544 790 1590; x_wconf 85' lang='lat' dir='ltr'>Loewe,</span> <span class='ocrx_word' id='word_1_178' title='bbox 824 1544 1001 1581; x_wconf 84' lang='lat' dir='ltr'>Analect.</span> <span class='ocrx_word' id='word_1_179' title='bbox 1034 1558 1072 1594; x_wconf 92' lang='lat' dir='ltr'>p.</span> <span class='ocrx_word' id='word_1_180' title='bbox 1108 1546 1186 1582; x_wconf 80' lang='lat'>210</span> <span class='ocrx_word' id='word_1_181' title='bbox 1221 1542 1349 1582; x_wconf 70' lang='lat' dir='ltr'>iniere</span> <span class='ocrx_word' id='word_1_182' title='bbox 1379 1547 1609 1594; x_wconf 69' lang='lat' dir='ltr'>paenultima</span> 
     </span>
     <span class='ocr_line' id='line_1_21' title="bbox 116 1607 1606 1663; baseline 0.003 -15"><span class='ocrx_word' id='word_1_183' title='bbox 116 1611 228 1649; x_wconf 85' lang='lat' dir='ltr'>brevi</span> <span class='ocrx_word' id='word_1_184' title='bbox 259 1612 366 1661; x_wconf 85' lang='lat' dir='ltr'>legit.</span> <span class='ocrx_word' id='word_1_185' title='bbox 396 1632 443 1636; x_wconf 82' lang='lat'>—-</span> <span class='ocrx_word' id='word_1_186' title='bbox 472 1612 565 1649; x_wconf 84' lang='lat'>493.</span> <span class='ocrx_word' id='word_1_187' title='bbox 599 1607 656 1660; x_wconf 69' lang='lat' dir='ltr'>Is,</span> <span class='ocrx_word' id='word_1_188' title='bbox 690 1613 714 1650; x_wconf 89' lang='lat' dir='ltr'>i.</span> <span class='ocrx_word' id='word_1_189' title='bbox 742 1626 773 1650; x_wconf 90' lang='lat' dir='ltr'>e.</span> <span class='ocrx_word' id='word_1_190' title='bbox 799 1613 858 1658; x_wconf 85' lang='lat' dir='ltr'>iis,</span> <span class='ocrx_word' id='word_1_191' title='bbox 892 1612 950 1649; x_wconf 85' lang='lat' dir='ltr'>Fl.</span> <span class='ocrx_word' id='word_1_192' title='bbox 977 1616 1019 1649; x_wconf 78' lang='lat' dir='ltr'>ut</span> <span class='ocrx_word' id='word_1_193' title='bbox 1058 1613 1147 1650; x_wconf 76' lang='lat'>112.</span> <span class='ocrx_word' id='word_1_194' title='bbox 1172 1632 1228 1636; x_wconf 89' lang='lat'>——</span> <span class='ocrx_word' id='word_1_195' title='bbox 1260 1614 1352 1650; x_wconf 85' lang='lat'>494.</span> <span class='ocrx_word' id='word_1_196' title='bbox 1387 1611 1446 1650; x_wconf 68' lang='lat' dir='ltr'>sic</span> <span class='ocrx_word' id='word_1_197' title='bbox 1477 1624 1606 1663; x_wconf 71' lang='lat' dir='ltr'>eyero,</span> 
     </span>
     <span class='ocr_line' id='line_1_22' title="bbox 117 1679 1606 1729; baseline 0.002 -13"><span class='ocrx_word' id='word_1_198' title='bbox 117 1694 152 1717; x_wconf 87' lang='lat' dir='ltr'>v.</span> <span class='ocrx_word' id='word_1_199' title='bbox 187 1679 236 1716; x_wconf 87' lang='lat' dir='ltr'>ad</span> <span class='ocrx_word' id='word_1_200' title='bbox 267 1680 356 1717; x_wconf 88' lang='lat' dir='ltr'>Aul.</span> <span class='ocrx_word' id='word_1_201' title='bbox 388 1681 480 1718; x_wconf 77' lang='lat'>562.</span> <span class='ocrx_word' id='word_1_202' title='bbox 512 1700 568 1705; x_wconf 79' lang='lat'>--</span> <span class='ocrx_word' id='word_1_203' title='bbox 608 1682 701 1717; x_wconf 82' lang='lat'>495.</span> <span class='ocrx_word' id='word_1_204' title='bbox 736 1680 928 1726; x_wconf 81' lang='lat' dir='ltr'>Quoniam</span> <span class='ocrx_word' id='word_1_205' title='bbox 961 1682 998 1716; x_wconf 90' lang='lat' dir='ltr'>in</span> <span class='ocrx_word' id='word_1_206' title='bbox 1031 1681 1116 1717; x_wconf 88' lang='lat' dir='ltr'>foro</span> <span class='ocrx_word' id='word_1_207' title='bbox 1150 1694 1235 1717; x_wconf 85' lang='lat' dir='ltr'>eum</span> <span class='ocrx_word' id='word_1_208' title='bbox 1269 1694 1380 1718; x_wconf 85' lang='lat' dir='ltr'>nemo</span> <span class='ocrx_word' id='word_1_209' title='bbox 1412 1683 1606 1729; x_wconf 82' lang='lat' dir='ltr'>invitavit,</span> 
     </span>
     <span class='ocr_line' id='line_1_23' title="bbox 116 1749 1607 1799; baseline 0.003 -15"><span class='ocrx_word' id='word_1_210' title='bbox 116 1762 194 1785; x_wconf 89' lang='lat' dir='ltr'>una</span> <span class='ocrx_word' id='word_1_211' title='bbox 226 1761 312 1798; x_wconf 85' lang='lat' dir='ltr'>spes</span> <span class='ocrx_word' id='word_1_212' title='bbox 343 1751 483 1794; x_wconf 81' lang='lat' dir='ltr'>restat,</span> <span class='ocrx_word' id='word_1_213' title='bbox 524 1752 569 1786; x_wconf 87' lang='lat' dir='ltr'>ut</span> <span class='ocrx_word' id='word_1_214' title='bbox 600 1749 640 1785; x_wconf 88' lang='lat' dir='ltr'>in</span> <span class='ocrx_word' id='word_1_215' title='bbox 671 1752 790 1799; x_wconf 86' lang='lat' dir='ltr'>portu</span> <span class='ocrx_word' id='word_1_216' title='bbox 822 1749 992 1798; x_wconf 84' lang='lat' dir='ltr'>aliquem</span> <span class='ocrx_word' id='word_1_217' title='bbox 1030 1750 1223 1795; x_wconf 81' lang='lat' dir='ltr'>inveniat,</span> <span class='ocrx_word' id='word_1_218' title='bbox 1272 1751 1338 1799; x_wconf 87' lang='lat' dir='ltr'>qui</span> <span class='ocrx_word' id='word_1_219' title='bbox 1378 1764 1417 1787; x_wconf 91' lang='lat' dir='ltr'>se</span> <span class='ocrx_word' id='word_1_220' title='bbox 1457 1752 1607 1790; x_wconf 80' lang='lat' dir='ltr'>invitet.</span> 
     </span>
     <span class='ocr_line' id='line_1_24' title="bbox 117 1813 1605 1868; baseline 0.002 -15"><span class='ocrx_word' id='word_1_221' title='bbox 117 1836 173 1841; x_wconf 90' lang='lat'>—</span> <span class='ocrx_word' id='word_1_222' title='bbox 218 1817 312 1854; x_wconf 82' lang='lat'>496.</span> <span class='ocrx_word' id='word_1_223' title='bbox 346 1813 554 1863; x_wconf 71' lang='lat' dir='ltr'>decolabiz‘,</span> <span class='ocrx_word' id='word_1_224' title='bbox 587 1817 611 1853; x_wconf 92' lang='lat' dir='ltr'>i.</span> <span class='ocrx_word' id='word_1_225' title='bbox 645 1830 675 1853; x_wconf 89' lang='lat' dir='ltr'>e.</span> <span class='ocrx_word' id='word_1_226' title='bbox 717 1817 942 1863; x_wconf 83' lang='lat' dir='ltr'>delicuerit,</span> <span class='ocrx_word' id='word_1_227' title='bbox 978 1816 1186 1853; x_wconf 82' lang='lat' dir='ltr'>defluxerit</span> <span class='ocrx_word' id='word_1_228' title='bbox 1220 1819 1330 1866; x_wconf 83' lang='lat' dir='ltr'>quasi</span> <span class='ocrx_word' id='word_1_229' title='bbox 1363 1832 1433 1868; x_wconf 87' lang='lat' dir='ltr'>per</span> <span class='ocrx_word' id='word_1_230' title='bbox 1465 1819 1605 1866; x_wconf 86' lang='lat' dir='ltr'>colum,</span> 
     </span>
     <span class='ocr_line' id='line_1_25' title="bbox 117 1884 1607 1931; baseline 0.002 -9"><span class='ocrx_word' id='word_1_231' title='bbox 117 1884 364 1922; x_wconf 86' lang='lat' dir='ltr'>scribendum</span> <span class='ocrx_word' id='word_1_232' title='bbox 396 1898 478 1921; x_wconf 89' lang='lat' dir='ltr'>esse</span> <span class='ocrx_word' id='word_1_233' title='bbox 509 1885 610 1921; x_wconf 86' lang='lat' dir='ltr'>vidit</span> <span class='ocrx_word' id='word_1_234' title='bbox 647 1884 818 1922; x_wconf 52' lang='lat' dir='ltr'>Gronov</span> <span class='ocrx_word' id='word_1_235' title='bbox 860 1885 907 1921; x_wconf 87' lang='lat' dir='ltr'>ad</span> <span class='ocrx_word' id='word_1_236' title='bbox 941 1885 1024 1922; x_wconf 86' lang='lat' dir='ltr'>Liv.</span> <span class='ocrx_word' id='word_1_237' title='bbox 1058 1884 1230 1931; x_wconf 74' lang='lat' dir='ltr'>XXVII,</span> <span class='ocrx_word' id='word_1_238' title='bbox 1269 1887 1329 1923; x_wconf 77' lang='lat'>17.</span> <span class='ocrx_word' id='word_1_239' title='bbox 1394 1887 1449 1924; x_wconf 91' lang='lat' dir='ltr'>Cf.</span> <span class='ocrx_word' id='word_1_240' title='bbox 1483 1887 1607 1926; x_wconf 81' lang='lat' dir='ltr'>Casin.</span> 
     </span>
     <span class='ocr_line' id='line_1_26' title="bbox 119 1951 1403 2001; baseline 0.002 -11"><span class='ocrx_word' id='word_1_241' title='bbox 119 1953 222 1991; x_wconf 75' lang='lat'>284:</span> <span class='ocrx_word' id='word_1_242' title='bbox 259 1954 315 2000; x_wconf 89' lang='lat' dir='ltr'>„si</span> <span class='ocrx_word' id='word_1_243' title='bbox 346 1966 431 1990; x_wconf 89' lang='lat' dir='ltr'>sors</span> <span class='ocrx_word' id='word_1_244' title='bbox 462 1951 713 1990; x_wconf 81' lang='lat' dir='ltr'>decolassit“.</span> <span class='ocrx_word' id='word_1_245' title='bbox 750 1973 786 1977; x_wconf 89' lang='grc'><strong>-</strong></span> <span class='ocrx_word' id='word_1_246' title='bbox 832 1963 971 1991; x_wconf 65' lang='lat' dir='ltr'>cenam</span> <span class='ocrx_word' id='word_1_247' title='bbox 1005 1963 1207 2001; x_wconf 69' lang='lat' dir='ltr'>asperam,</span> <span class='ocrx_word' id='word_1_248' title='bbox 1242 1967 1275 1991; x_wconf 86' lang='lat' dir='ltr'>V.</span> <span class='ocrx_word' id='word_1_249' title='bbox 1313 1954 1403 1992; x_wconf 88' lang='lat'>188.</span> 
     </span>
    </p>

    <p class='ocr_par' dir='ltr' id='par_1_3' title="bbox 116 2021 1609 2821">
     <span class='ocr_line' id='line_1_27' title="bbox 233 2021 1603 2072; baseline 0.002 -14"><span class='ocrx_word' id='word_1_250' title='bbox 233 2022 326 2059; x_wconf 83' lang='lat'>497.</span> <span class='ocrx_word' id='word_1_251' title='bbox 373 2021 498 2069; x_wconf 85' lang='lat' dir='ltr'>Hegio</span> <span class='ocrx_word' id='word_1_252' title='bbox 528 2024 738 2072; x_wconf 86' lang='lat' dir='ltr'>postquam</span> <span class='ocrx_word' id='word_1_253' title='bbox 771 2021 1016 2070; x_wconf 84' lang='lat' dir='ltr'>Tyndarum,</span> <span class='ocrx_word' id='word_1_254' title='bbox 1061 2034 1174 2070; x_wconf 84' lang='lat' dir='ltr'>quem</span> <span class='ocrx_word' id='word_1_255' title='bbox 1208 2022 1408 2070; x_wconf 84' lang='lat' dir='ltr'>credebat,</span> <span class='ocrx_word' id='word_1_256' title='bbox 1442 2023 1603 2071; x_wconf 85' lang='lat' dir='ltr'>dimisit,</span> 
     </span>
     <span class='ocr_line' id='line_1_28' title="bbox 116 2089 1608 2140; baseline 0.001 -13"><span class='ocrx_word' id='word_1_257' title='bbox 116 2089 230 2127; x_wconf 79' lang='lat' dir='ltr'>laetus</span> <span class='ocrx_word' id='word_1_258' title='bbox 262 2093 300 2126; x_wconf 86' lang='lat' dir='ltr'>et</span> <span class='ocrx_word' id='word_1_259' title='bbox 339 2089 422 2140; x_wconf 89' lang='lat' dir='ltr'>spei</span> <span class='ocrx_word' id='word_1_260' title='bbox 458 2089 598 2140; x_wconf 88' lang='lat' dir='ltr'>plenus</span> <span class='ocrx_word' id='word_1_261' title='bbox 628 2090 732 2126; x_wconf 88' lang='lat' dir='ltr'>redit</span> <span class='ocrx_word' id='word_1_262' title='bbox 763 2090 882 2126; x_wconf 88' lang='lat' dir='ltr'>alium</span> <span class='ocrx_word' id='word_1_263' title='bbox 916 2091 1114 2139; x_wconf 82' lang='lat' dir='ltr'>captivum</span> <span class='ocrx_word' id='word_1_264' title='bbox 1146 2103 1276 2127; x_wconf 86' lang='lat' dir='ltr'>secum</span> <span class='ocrx_word' id='word_1_265' title='bbox 1308 2090 1472 2137; x_wconf 82' lang='lat' dir='ltr'>(lucens,</span> <span class='ocrx_word' id='word_1_266' title='bbox 1520 2092 1608 2129; x_wconf 87' lang='lat' dir='ltr'>Ari-</span> 
     </span>
     <span class='ocr_line' id='line_1_29' title="bbox 118 2157 1609 2208; baseline 0.001 -13"><span class='ocrx_word' id='word_1_267' title='bbox 118 2157 393 2208; x_wconf 85' lang='lat' dir='ltr'>stophontem,</span> <span class='ocrx_word' id='word_1_268' title='bbox 432 2157 606 2194; x_wconf 89' lang='lat' dir='ltr'>sodalem</span> <span class='ocrx_word' id='word_1_269' title='bbox 638 2157 891 2204; x_wconf 82' lang='lat' dir='ltr'>Philocratis,</span> <span class='ocrx_word' id='word_1_270' title='bbox 933 2159 1000 2207; x_wconf 89' lang='lat' dir='ltr'>qui</span> <span class='ocrx_word' id='word_1_271' title='bbox 1030 2159 1222 2208; x_wconf 82' lang='lat' dir='ltr'>petierat,</span> <span class='ocrx_word' id='word_1_272' title='bbox 1263 2162 1306 2196; x_wconf 78' lang='lat' dir='ltr'>ut</span> <span class='ocrx_word' id='word_1_273' title='bbox 1337 2160 1411 2196; x_wconf 83' lang='lat' dir='ltr'>sibi</span> <span class='ocrx_word' id='word_1_274' title='bbox 1444 2161 1609 2197; x_wconf 79' lang='lat' dir='ltr'>amicum</span> 
     </span>
     <span class='ocr_line' id='line_1_30' title="bbox 118 2225 1609 2277; baseline 0.001 -14"><span class='ocrx_word' id='word_1_275' title='bbox 118 2226 327 2263; x_wconf 85' lang='lat' dir='ltr'>convenire</span> <span class='ocrx_word' id='word_1_276' title='bbox 366 2225 514 2264; x_wconf 86' lang='lat' dir='ltr'>liceret.</span> <span class='ocrx_word' id='word_1_277' title='bbox 590 2225 793 2263; x_wconf 83' lang='lat' dir='ltr'>Canticum</span> <span class='ocrx_word' id='word_1_278' title='bbox 832 2227 940 2262; x_wconf 84' lang='lat' dir='ltr'>vario</span> <span class='ocrx_word' id='word_1_279' title='bbox 979 2239 1143 2264; x_wconf 83' lang='lat' dir='ltr'>numero</span> <span class='ocrx_word' id='word_1_280' title='bbox 1182 2228 1372 2277; x_wconf 85' lang='lat' dir='ltr'>scriptum</span> <span class='ocrx_word' id='word_1_281' title='bbox 1407 2241 1425 2263; x_wconf 82' lang='lat' dir='ltr'>a</span> <span class='ocrx_word' id='word_1_282' title='bbox 1459 2229 1609 2264; x_wconf 87' lang='lat' dir='ltr'>creticis</span> 
     </span>
     <span class='ocr_line' id='line_1_31' title="bbox 119 2293 1607 2344; baseline 0 -13"><span class='ocrx_word' id='word_1_283' title='bbox 119 2297 159 2331; x_wconf 84' lang='lat' dir='ltr'>et</span> <span class='ocrx_word' id='word_1_284' title='bbox 188 2293 398 2331; x_wconf 84' lang='lat' dir='ltr'>trochaicis</span> <span class='ocrx_word' id='word_1_285' title='bbox 428 2293 508 2330; x_wconf 88' lang='lat' dir='ltr'>fere</span> <span class='ocrx_word' id='word_1_286' title='bbox 540 2295 711 2330; x_wconf 88' lang='lat' dir='ltr'>numeris</span> <span class='ocrx_word' id='word_1_287' title='bbox 742 2295 925 2344; x_wconf 86' lang='lat' dir='ltr'>incipere,</span> <span class='ocrx_word' id='word_1_288' title='bbox 959 2295 997 2330; x_wconf 91' lang='lat' dir='ltr'>in</span> <span class='ocrx_word' id='word_1_289' title='bbox 1023 2295 1210 2331; x_wconf 84' lang='lat' dir='ltr'>iambicos</span> <span class='ocrx_word' id='word_1_290' title='bbox 1239 2295 1415 2331; x_wconf 84' lang='lat' dir='ltr'>desinere</span> <span class='ocrx_word' id='word_1_291' title='bbox 1441 2295 1607 2331; x_wconf 76' lang='lat' dir='ltr'>videtur.</span> 
     </span>
     <span class='ocr_line' id='line_1_32' title="bbox 117 2361 1606 2412; baseline -0.001 -13"><span class='ocrx_word' id='word_1_292' title='bbox 117 2361 178 2400; x_wconf 86' lang='lat' dir='ltr'>Fl.</span> <span class='ocrx_word' id='word_1_293' title='bbox 209 2375 288 2398; x_wconf 92' lang='lat' dir='ltr'>non</span> <span class='ocrx_word' id='word_1_294' title='bbox 318 2362 437 2399; x_wconf 90' lang='lat' dir='ltr'>nullis</span> <span class='ocrx_word' id='word_1_295' title='bbox 469 2364 631 2399; x_wconf 79' lang='lat' dir='ltr'>mutatis</span> <span class='ocrx_word' id='word_1_296' title='bbox 662 2375 728 2399; x_wconf 89' lang='lat' dir='ltr'>sex</span> <span class='ocrx_word' id='word_1_297' title='bbox 760 2363 910 2412; x_wconf 85' lang='lat' dir='ltr'>priores</span> <span class='ocrx_word' id='word_1_298' title='bbox 941 2375 1077 2400; x_wconf 85' lang='lat' dir='ltr'>versus</span> <span class='ocrx_word' id='word_1_299' title='bbox 1102 2363 1333 2400; x_wconf 82' lang='lat' dir='ltr'>bacchiacos</span> <span class='ocrx_word' id='word_1_300' title='bbox 1358 2363 1460 2399; x_wconf 80' lang='lat' dir='ltr'>fecit.</span> <span class='ocrx_word' id='word_1_301' title='bbox 1495 2363 1606 2399; x_wconf 77' lang='lat' dir='ltr'>Miill.</span> 
     </span>
     <span class='ocr_line' id='line_1_33' title="bbox 117 2429 1607 2481; baseline 0 -14"><span class='ocrx_word' id='word_1_302' title='bbox 117 2429 228 2467; x_wconf 87' lang='lat' dir='ltr'>Pros.</span> <span class='ocrx_word' id='word_1_303' title='bbox 259 2444 297 2480; x_wconf 90' lang='lat' dir='ltr'>p.</span> <span class='ocrx_word' id='word_1_304' title='bbox 334 2431 410 2467; x_wconf 92' lang='grc'>110</span> <span class='ocrx_word' id='word_1_305' title='bbox 451 2430 547 2467; x_wconf 88' lang='lat' dir='ltr'>duos</span> <span class='ocrx_word' id='word_1_306' title='bbox 583 2432 732 2481; x_wconf 88' lang='lat' dir='ltr'>primos</span> <span class='ocrx_word' id='word_1_307' title='bbox 773 2431 1029 2480; x_wconf 77' lang='lat' dir='ltr'>anapaesticos</span> <span class='ocrx_word' id='word_1_308' title='bbox 1071 2444 1152 2468; x_wconf 87' lang='lat' dir='ltr'>esse</span> <span class='ocrx_word' id='word_1_309' title='bbox 1186 2435 1327 2468; x_wconf 86' lang='lat' dir='ltr'>censet.</span> <span class='ocrx_word' id='word_1_310' title='bbox 1390 2430 1506 2480; x_wconf 85' lang='lat' dir='ltr'>Apud</span> <span class='ocrx_word' id='word_1_311' title='bbox 1538 2444 1607 2467; x_wconf 84' lang='lat' dir='ltr'>nos</span> 
     </span>
     <span class='ocr_line' id='line_1_34' title="bbox 117 2498 1607 2548; baseline -0.001 -13"><span class='ocrx_word' id='word_1_312' title='bbox 117 2511 255 2535; x_wconf 83' lang='lat' dir='ltr'>versus</span> <span class='ocrx_word' id='word_1_313' title='bbox 293 2499 349 2534; x_wconf 87' lang='lat' dir='ltr'>ita</span> <span class='ocrx_word' id='word_1_314' title='bbox 389 2498 576 2548; x_wconf 87' lang='lat' dir='ltr'>descripti</span> <span class='ocrx_word' id='word_1_315' title='bbox 617 2501 710 2536; x_wconf 87' lang='lat' dir='ltr'>sunt</span> <span class='ocrx_word' id='word_1_316' title='bbox 749 2501 794 2535; x_wconf 88' lang='lat' dir='ltr'>ut</span> <span class='ocrx_word' id='word_1_317' title='bbox 831 2500 871 2534; x_wconf 90' lang='lat' dir='ltr'>in</span> <span class='ocrx_word' id='word_1_318' title='bbox 912 2498 1111 2535; x_wconf 84' lang='lat' dir='ltr'>codicibus</span> <span class='ocrx_word' id='word_1_319' title='bbox 1143 2503 1182 2535; x_wconf 88' lang='lat' dir='ltr'>et</span> <span class='ocrx_word' id='word_1_320' title='bbox 1213 2498 1607 2535; x_wconf 74' lang='lat' dir='ltr'>Palatino—Vaticano</span> 
     </span>
     <span class='ocr_line' id='line_1_35' title="bbox 119 2566 1603 2613; baseline -0.001 -10"><span class='ocrx_word' id='word_1_321' title='bbox 119 2569 158 2603; x_wconf 91' lang='lat' dir='ltr'>et</span> <span class='ocrx_word' id='word_1_322' title='bbox 187 2566 428 2603; x_wconf 77' lang='lat' dir='ltr'>Britannico.</span> <span class='ocrx_word' id='word_1_323' title='bbox 488 2566 660 2613; x_wconf 87' lang='lat' dir='ltr'>Primus,</span> <span class='ocrx_word' id='word_1_324' title='bbox 702 2567 801 2613; x_wconf 87' lang='lat'>497,</span> <span class='ocrx_word' id='word_1_325' title='bbox 844 2580 891 2603; x_wconf 86' lang='lat' dir='ltr'>ex</span> <span class='ocrx_word' id='word_1_326' title='bbox 921 2566 1051 2602; x_wconf 85' lang='lat' dir='ltr'>iambo</span> <span class='ocrx_word' id='word_1_327' title='bbox 1083 2570 1237 2603; x_wconf 86' lang='lat' dir='ltr'>constat</span> <span class='ocrx_word' id='word_1_328' title='bbox 1269 2571 1305 2602; x_wconf 72' lang='lat' dir='ltr'>et</span> <span class='ocrx_word' id='word_1_329' title='bbox 1339 2579 1406 2602; x_wconf 87' lang='lat' dir='ltr'>sex</span> <span class='ocrx_word' id='word_1_330' title='bbox 1439 2567 1603 2611; x_wconf 83' lang='lat' dir='ltr'>creticis,</span> 
     </span>
     <span class='ocr_line' id='line_1_36' title="bbox 118 2633 1607 2683; baseline -0.001 -12"><span class='ocrx_word' id='word_1_331' title='bbox 118 2634 193 2681; x_wconf 71' lang='lat' dir='ltr'>vel,</span> <span class='ocrx_word' id='word_1_332' title='bbox 227 2635 259 2671; x_wconf 87' lang='lat' dir='ltr'>si</span> <span class='ocrx_word' id='word_1_333' title='bbox 289 2635 376 2683; x_wconf 86' lang='lat' dir='ltr'>quis</span> <span class='ocrx_word' id='word_1_334' title='bbox 406 2634 477 2671; x_wconf 91' lang='lat' dir='ltr'>hos</span> <span class='ocrx_word' id='word_1_335' title='bbox 510 2634 633 2681; x_wconf 80' lang='lat' dir='ltr'>malit,</span> <span class='ocrx_word' id='word_1_336' title='bbox 667 2648 713 2671; x_wconf 87' lang='lat' dir='ltr'>ex</span> <span class='ocrx_word' id='word_1_337' title='bbox 737 2648 805 2671; x_wconf 86' lang='lat' dir='ltr'>sex</span> <span class='ocrx_word' id='word_1_338' title='bbox 829 2634 1000 2671; x_wconf 87' lang='lat' dir='ltr'>bacchiis</span> <span class='ocrx_word' id='word_1_339' title='bbox 1027 2638 1065 2670; x_wconf 83' lang='lat' dir='ltr'>et</span> <span class='ocrx_word' id='word_1_340' title='bbox 1091 2633 1242 2679; x_wconf 77' lang='lat' dir='ltr'>iamb03</span> <span class='ocrx_word' id='word_1_341' title='bbox 1276 2633 1479 2679; x_wconf 78' lang='lat' dir='ltr'>secundus,</span> <span class='ocrx_word' id='word_1_342' title='bbox 1514 2634 1607 2680; x_wconf 84' lang='lat'>498,</span> 
     </span>
     <span class='ocr_line' id='line_1_37' title="bbox 119 2699 1608 2752; baseline 0 -14"><span class='ocrx_word' id='word_1_343' title='bbox 119 2702 153 2738; x_wconf 88' lang='lat' dir='ltr'>si</span> <span class='ocrx_word' id='word_1_344' title='bbox 189 2706 278 2752; x_wconf 84' lang='lat' dir='ltr'>post</span> <span class='ocrx_word' id='word_1_345' title='bbox 317 2699 397 2740; x_wconf 75' lang='lat' dir='ltr'>emi</span> <span class='ocrx_word' id='word_1_346' title='bbox 434 2702 586 2749; x_wconf 86' lang='lat' dir='ltr'>hiatur,</span> <span class='ocrx_word' id='word_1_347' title='bbox 635 2716 681 2740; x_wconf 90' lang='lat' dir='ltr'>ex</span> <span class='ocrx_word' id='word_1_348' title='bbox 720 2702 889 2739; x_wconf 88' lang='lat' dir='ltr'>dimetro</span> <span class='ocrx_word' id='word_1_349' title='bbox 928 2701 1127 2738; x_wconf 83' lang='lat' dir='ltr'>trochaico</span> <span class='ocrx_word' id='word_1_350' title='bbox 1176 2704 1214 2737; x_wconf 85' lang='lat' dir='ltr'>et</span> <span class='ocrx_word' id='word_1_351' title='bbox 1257 2700 1407 2737; x_wconf 91' lang='lat' dir='ltr'>duobus</span> <span class='ocrx_word' id='word_1_352' title='bbox 1454 2702 1608 2738; x_wconf 76' lang='lat' dir='ltr'>creticis</span> 
     </span>
     <span class='ocr_line' id='line_1_38' title="bbox 119 2768 1606 2821; baseline -0.002 -14"><span class='ocrx_word' id='word_1_353' title='bbox 119 2771 357 2821; x_wconf 87' lang='lat' dir='ltr'>compositus</span> <span class='ocrx_word' id='word_1_354' title='bbox 382 2774 453 2817; x_wconf 87' lang='lat' dir='ltr'>est,</span> <span class='ocrx_word' id='word_1_355' title='bbox 478 2771 632 2818; x_wconf 84' lang='lat' dir='ltr'>tertius,</span> <span class='ocrx_word' id='word_1_356' title='bbox 667 2771 760 2818; x_wconf 84' lang='lat'>499,</span> <span class='ocrx_word' id='word_1_357' title='bbox 794 2784 841 2807; x_wconf 87' lang='lat' dir='ltr'>ex</span> <span class='ocrx_word' id='word_1_358' title='bbox 867 2769 1019 2806; x_wconf 87' lang='lat' dir='ltr'>duobus</span> <span class='ocrx_word' id='word_1_359' title='bbox 1041 2769 1193 2805; x_wconf 86' lang='lat' dir='ltr'>creticis</span> <span class='ocrx_word' id='word_1_360' title='bbox 1221 2772 1258 2805; x_wconf 88' lang='lat' dir='ltr'>et</span> <span class='ocrx_word' id='word_1_361' title='bbox 1275 2768 1441 2805; x_wconf 84' lang='lat' dir='ltr'>dimetro</span> <span class='ocrx_word' id='word_1_362' title='bbox 1468 2768 1606 2814; x_wconf 70' lang='lat' dir='ltr'>troclr,</span> 
     </span>
    </p>
   </div>
  </div>
 </body>
</html>
