1897 3171
744 211 783 246 V.
811 213 999 246 237-265.
1539 216 1619 254 477

132 355 356 390 quaereres.
432 342 543 378 Antt.
587 341 674 378 edd.
723 338 1007 390 „quaestioni“,
1048 341 1294 379 Camerarius
1342 344 1505 379 rectius:
1557 343 1619 388 „in

131 407 401 460 quaestione“,
449 410 496 446 cf.
539 409 622 447 Cas.
659 410 735 446 507
786 407 837 457 (v.
871 410 1060 459 Spengel,
1104 411 1231 447 Plaut.
1264 424 1301 459 p.
1336 409 1416 455 46).
1478 411 1618 448 Pseud.

132 481 224 517 667.
284 479 393 516 Pers.
429 479 492 515 52.
540 477 633 515 Cist.
665 477 760 525 421,
793 482 837 515 ut
867 478 904 515 h.
937 478 976 525 1.,
1014 477 1100 525 ,,111“
1137 479 1293 516 excidit.
1349 479 1454 517 Trin.
1493 481 1617 517 1012:

135 549 190 595 „si
223 547 350 584 aberis
382 546 428 583 ab
463 547 519 583 eri
551 545 818 595 quaestione“.
875 546 959 583 Mil.
998 548 1122 584 1271:
1160 562 1230 594 „ne
1262 549 1337 584 sies
1368 548 1406 583 111
1439 551 1620 596 expecta-

129 614 278 654 tione“.
312 635 366 640 -—
396 615 491 652 Post
524 624 704 652 eSSemuS
734 616 773 652 in
806 615 835 651 B
867 628 1004 652 rasura
1035 619 1113 662 est,
1155 629 1270 665 quam
1303 616 1525 654 rubricator
1557 630 1619 653 ex-

127 684 252 733 plevit
283 684 417 721 addito
449 683 533 722 HE.
567 704 622 708 ——
655 685 748 721 254.
790 693 911 733 quom
943 680 1083 731 etiam,
1130 685 1155 721 i.
1189 698 1221 721 e.
1255 685 1372 721 etiam
1405 698 1533 734 quom.
1566 704 1619 710 v-

129 753 222 790 255.
256 752 408 790 cautor.
456 752 515 789 Fl.
543 766 603 802 ep.
630 753 716 789 crit.
743 765 779 802 p.
798 752 894 789 XXI
922 751 1122 800 „cauitor“
1153 753 1398 789 scribendum
1426 753 1618 799 censebat,

126 825 171 858 ut
208 820 376 868 fauitor,
429 821 571 871 Amph.
620 822 670 858 67
713 821 781 867 aL,
836 834 914 870 quo
951 822 1082 870 'magis
1133 825 1344 870 appareret
1391 821 1619 858 allitteratio

127 889 309 927 vocabuli
347 891 457 926 iuxta
503 891 624 939 positi
666 889 830 938 eaptus]
883 902 1020 939 parum
1060 889 1194 927 refert.
1271 890 1328 927 Cf.
1361 889 1478 939 Epid.
1520 890 1618 927 355:

133 959 239 1007 „ipse
278 962 417 995 cautor
458 962 595 1008 captus
638 955 744 1005 est“;
792 971 869 1007 qua
911 958 1168 995 similitudine
1209 959 1378 1008 permoti
1420 958 1619 995 Biicheler.

129 1031 168 1064 et
205 1026 312 1064 Brix.
345 1027 447 1064 hunc
493 1040 648 1064 versum
695 1027 870 1075 spurium
911 1030 1122 1076 putarunt,
1169 1027 1326 1064 iniuria.
1404 1024 1441 1064 ἰδ’
1486 1026 1621 1063 abesse

127 1096 277 1145 potuit,
317 1095 386 1132 sed
427 1095 472 1132 cf.
508 1096 600 1132 223.
633 1115 688 1120 —
721 1096 813 1132 256.
848 1105 971 1133 eausa
1003 1095 1065 1132 est
1092 1095 1159 1141 ut,
1201 1094 1246 1132 cf.
1281 1094 1365 1133 Liv.
1401 1095 1441 1141 V,
1479 1097 1540 1141 55,
1578 1097 1618 1131 5:

133 1163 215 1211 „Ea
247 1167 305 1201 est
335 1177 472 1210 causa,
513 1167 558 1201 ut
595 1167 749 1201 veteres
789 1163 928 1200 cloacae
963 1194 970 1201 .
1001 1194 1008 1201 .
1038 1194 1044 1201 .
1078 1164 1232 1212 privata
1270 1164 1416 1213 passim
1456 1163 1619 1200 subeant

128 1230 271 1269 tecta“.
333 1232 434 1269 Plin.
467 1231 515 1268 H.
549 1231 595 1268 N.
628 1231 696 1279 XI,
732 1233 796 1279 37,
834 1235 896 1279 55,
935 1233 1031 1270 148:
1080 1231 1161 1278 „Ea
1192 1245 1306 1269 causa
1343 1235 1418 1278 est,
1459 1236 1502 1268 ut
1539 1232 1620 1281 ple-

129 1313 270 1350 raeque
302 1300 436 1337 alitum
467 1299 667 1337 hominum
700 1300 832 1338 oculos
862 1302 1114 1349 potissimum
1153 1298 1382 1351 appeta11t“,
1424 1300 1472 1338 cf.
1510 1313 1621 1349 „spes

130 1372 191 1406 est
221 1366 289 1406 ut“
324 1368 464 1406 Bacch.
499 1370 591 1416 367,
631 1370 806 1415 „occasio
838 1372 895 1406 est
926 1367 1011 1406 ut“.
1064 1369 1148 1406 Mil.
1183 1370 1276 1407 971.
1314 1389 1356 1393 —
1396 1370 1490 1406 258.
1524 1366 1621 1417 (luia

129 1437 178 1475 cf.
213 1439 305 1476 203.
337 1457 393 1463 --
435 1438 528 1475 259.
570 1437 668 1475 Post
697 1435 736 1475 5·ῖῖ
766 1437 910 1475 hiatus.
972 1438 1052 1475 F1.:
1105 1438 1159 1484 „si
1190 1437 1280 1474 hinc
1311 1434 1535 1474 abeamus“.
1567 1457 1622 1461 ——

129 1507 223 1544 260.
255 1503 342 1544 illic
373 1505 509 1552 codd.;
545 1504 651 1553 „iur‘
673 1505 791 1543 Both.
808 1506 939 1543 F1.—
959 1507 1051 1543 261.
1084 1503 1227 1555 dynam
1257 1507 1296 1542 in
1330 1507 1505 1553 margine
1537 1505 1619 1542 cod.

127 1574 158 1610 B
190 1573 440 1611 emendatum
475 1578 546 1611 est.
578 1594 632 1598 —
662 1571 820 1622 fuimus
850 1575 978 1624 prima
1007 1575 1145 1624 longo,
1186 1579 1229 1611 ut
1260 1575 1363 1611 infra
1397 1576 1495 1620 550,
1541 1574 1618 1610 627

128 1642 292 1692 aliisque
323 1656 403 1680 non
434 1643 566 1680 multis
605 1643 719 1690 locis,
767 1657 802 1680 v.
835 1642 1014 1690 Muller.,
1062 1643 1221 1680 Nachtr.
1254 1657 1292 1693 p.
1328 1644 1392 1680 84.
1435 1662 1486 1666 —
1526 1643 1619 1679 262.

126 1711 223 1749 Post
255 1721 358 1761 quae
388 1711 530 1749 hiatus.
593 1711 696 1749 Cam.
736 1725 807 1757 „ex
838 1718 877 1748 te
909 1709 1052 1760 quae‘⁴.
1106 1711 1164 1749 Fl.
1201 1725 1326 1761 „quae
1360 1723 1430 1759 ego
1464 1724 1509 1746 ex
1541 1708 1619 1746 te“.

128 1779 251 1817 Koch.
297 1779 468 1827 „Secede
509 1780 557 1817 ad
597 1793 655 1816 mc
694 1778 809 1816 huc‘*.
851 1800 902 1803 ——
952 1781 1044 1816 263.
1097 1776 1280 1828 Quartino
1319 1790 1458 1816 rsemem
1497 1775 1620 1826 salse-

129 1845 292 1896 loquom
323 1859 431 1896 6886,
478 1849 502 1886 1.
537 1862 568 1886 0.
602 1862 697 1897 quas
737 1861 798 1884 res
840 1848 1017 1894 mentiri,
1064 1848 1225 1885 liberius
1265 1849 1396 1898 posito
1435 1848 1620 1896 genetivo

128 1916 285 1955 obiecti.
317 1937 371 1942 —
411 1917 504 1954 264.
552 1914 660 1967 quod
702 1913 850 1963 Scicmc,
891 1918 914 1953 i.
948 1930 979 1953 e.
1016 1917 1098 1952 eius
1131 1916 1308 1965 quidem,
1353 1915 1458 1965 quod
1490 1916 1619 1955 sciam.

127 1985 175 2023 cf.
198 1986 291 2023 217.
326 2005 378 2010 —
407 1983 593 2024 wsescimn
624 1986 798 2035 passive,
838 1971 1011 2022 utRud.
1047 1986 1146 2022 275:
1200 1985 1263 2031 „in
1303 1985 1397 2022 locis
1439 1983 1619 2021 nesciis“.

129 2053 219 2091 Tac.
252 2053 353 2091 Ann.
385 2053 416 2100 I,
453 2055 522 2091 59:
575 2056 730 2100 „nescia
759 2050 949 2089 tributff‘.
1011 2052 1112 2099 XVI,
1151 2054 1221 2090 14:
1266 2066 1416 2102 „neque
1448 2053 1621 2089 nescium

127 2121 300 2159 habebat
330 2122 516 2159 Anteium
549 2122 712 2159 caritate
745 2121 971 2171 Agrippinae
1003 2122 1171 2158 invisum
1195 2119 1384 2158 Ner0ni“.
1447 2121 1493 2158 cf.
1522 2120 1619 2157 Gell.

127 2190 203 2238 IX,
241 2191 303 2228 12.
363 2188 549 2229 nescium
587 2187 662 2227 tibi
703 2187 883 2236 tradam,
931 2190 955 2226 i.
990 2202 1021 2226 e.
1062 2191 1212 2227 nescire
1252 2203 1310 2226 me
1350 2189 1521 2234 fatebor,
1572 2188 1618 2224 cf.

129 2258 240 2296 Cure.
276 2259 394 2296 3852·
437 2272 531 2308 „ego
569 2259 641 2295 1100
680 2259 869 2295 ecfectum
908 2257 1040 2307 lepide
1079 2258 1152 2295 tibi
1191 2257 1385 2295 tradam&
1427 2277 1480 2281 —-
1528 2257 1619 2293 265.

128 2325 334 2375 Tyndarus
380 2340 500 2376 quum
539 2326 753 2374 Hegionem
793 2330 943 2363 secreto
984 2340 1069 2363 cum
1108 2326 1349 2371 Philocrate,
1398 2338 1512 2375 quem
1550 2336 1621 2373 pro

128 2407 242 2431 servo
272 2393 409 2441 habet,
459 2395 746 2444 colloquentem
788 2394 941 2441 videat,
989 2407 1168 2432 successu
1201 2394 1281 2431 doli
1323 2392 1491 2441 gaudet,
1538 2392 1620 2429 vul-

129 2468 297 2513 gataque
339 2464 509 2510 imagine
557 2476 707 2509 senem,
755 2464 821 2511 qui
868 2462 1066 2513 decipitur
1112 2466 1150 2499 et
1194 2462 1360 2512 pecunia
1405 2474 1473 2497 sua
1518 2460 1620 2496 frau-

132 2531 265 2578 datur,
314 2544 398 2568 cum
438 2531 524 2568 viro
566 2536 770 2581 comparat
808 2533 980 2568 tonsoris
1020 2543 1139 2580 opera
1171 2529 1356 2578 capillum
1388 2532 1427 2564 et
1458 2528 1620 2564 barbam

129 2602 319 2649 ponente,
358 2599 405 2636 cf.
439 2598 578 2636 Bacch.
612 2600 705 2637 239.
783 2596 943 2637 adtinet.
972 2602 995 2636 i.
1030 2612 1062 2635 e.
1096 2598 1297 2644 admovet,
1340 2610 1461 2646 prope
1501 2599 1619 2642 tenet,

131 2668 178 2705 cf.
224 2667 329 2705 Men.
378 2668 480 2704 717:
548 2680 674 2714 „nunc
727 2667 887 2704 eandem
944 2670 1036 2703 ante
1090 2666 1224 2702 oculos
1270 2662 1457 2701 attines“.
1546 2663 1620 2700 Sed

131 2735 349 2773 subiectum
393 2732 560 2783 „senex“
603 2748 685 2772 esse
716 2736 883 2773 videtur.
944 2735 1081 2782 Itaque
1113 2732 1291 2781 Seyffert.
1325 2732 1424 2769 Phil.
1458 2731 1619 2777 XXVII,

131 2816 169 2852 p.
203 2803 303 2840 441:
357 2803 506 2850 „cultro
540 2800 605 2841 os“
653 2803 722 2851 vel,
754 2817 802 2840 ne
847 2817 971 2850 „nunc
1011 2798 1111 2837 iam“
1154 2800 1409 2848 bissyllabum
1442 2801 1510 2845 sit,
1554 2812 1621 2847 „os
