1897 3171
257 187 337 226 382
894 184 1107 225 Bacchides.

255 313 376 350 solum
404 312 481 349 Cic.
501 313 586 349 Fin.
611 313 640 359 I,
668 315 703 360 7,
733 314 804 350 24:
843 313 988 359 „filium
1019 316 1060 351 in
1091 313 1339 364 adoptionem
1370 314 1416 353 D.
1450 316 1580 354 Silano
1613 330 1741 354 eman-

255 378 495 429 cipaverat⁴‘,
528 380 594 417 sed
621 380 698 418 Cic.
724 381 867 430 Philip.
893 381 940 427 II,
971 383 1034 428 21,
1063 383 1134 418 51:
1173 382 1396 429 „venditum
1428 387 1544 433 atque
1572 386 1737 421 emanci-

254 452 389 497 patum
434 446 720 495 t1·ibunatum“,
769 453 809 486 et
855 450 991 487 Horat.
1039 450 1163 499 Epod.
1206 451 1246 496 9,
1300 451 1367 487 12:
1436 451 1741 501 „Emancipatus

253 514 446 554 feminae“.
466 536 521 541 -—
547 517 614 553 92.
654 512 763 554 Cema
797 515 961 565 ῑιὶαΐὶθίι,
996 531 1080 567 quae
1109 531 1154 554 ex
1178 519 1294 567 longa
1317 519 1380 555 via
1403 519 1584 557 redeunti
1608 520 1738 567 datur,

255 583 300 621 cf.
336 585 399 621 99.
438 585 526 621 183.
563 585 641 621 534
674 598 730 634 sq.
778 585 893 634 Epid.
928 587 964 623 8.
1011 586 1129 623 Most.
1165 587 1258 624 987.
1304 586 1422 623 Poen.
1454 588 1571 625 1159.
1617 587 1736 626 Stich.

254 653 347 689 471.
411 651 513 689 Plut.
541 651 716 701 Sympos.
756 653 801 699 V,
838 656 881 699 5,
922 655 955 690 1.
991 654 1040 690 al.
1087 674 1143 678 —
1188 655 1252 692 93.
1298 651 1442 692 iubebo
1483 669 1530 692 ex
1561 655 1739 693 Charisio

254 720 524 766 emendatum,
568 722 635 769 qui
673 734 709 769 p.
744 722 817 759 201
856 722 902 759 K.
935 721 1036 758 hunc
1075 735 1228 759 versum
1260 722 1386 760 affert.
1462 722 1669 772 Conspirat
1707 725 1739 760 is

254 801 339 825 011111
379 787 488 825 codd.
539 789 579 825 in
626 785 737 838 Eyo,
784 802 856 839 pro
903 803 980 838 quo
1028 789 1159 827 Dousa
1209 789 1361 839 „Ergo“
1412 790 1553 837 voluit,
1608 791 1738 828 Herm.

254 856 298 894 R.
332 855 390 893 Fl.
429 854 552 902 „Eo“.
592 876 646 881 —
693 858 758 894 96.
798 854 899 894 mihi
945 858 984 895 et
1021 858 1256 895 coalescunt.
1296 878 1342 882 —
1392 860 1455 895 97.
1497 854 1613 905 Sine,
1662 859 1739 895 noli

252 924 481 974 prohibere,
515 925 561 961 cf.
594 925 714 961 Mero.
749 926 842 962 440.
904 925 1023 963 Stich.
1058 927 1122 963 99.
1162 945 1218 950 —
1258 927 1322 964 98.
1366 922 1492 964 Prius
1522 923 1585 964 llic
1615 925 1740 964 adero

254 1002 374 1041 quam
421 992 456 1029 te
501 1002 639 1030 (mucre
687 990 894 1038 (lesincmc;
941 1007 1112 1030 amorem
1159 995 1400 1044 properandi
1455 1008 1610 1031 causam
1656 996 1738 1032 fore

252 1059 462 1109 significat,
510 1060 607 1096 nihil
648 1061 764 1098 ultra.
850 1060 992 1098 Donat.
1033 1061 1082 1098 ad
1120 1062 1206 1100 Ter.
1248 1062 1347 1100 Eun.
1390 1064 1468 1100 640
1518 1061 1739 1110 („extrema

252 1128 356 1164 linea
373 1124 574 1176 a1na1·e“):
611 1142 764 1173 „amare
791 1128 905 1166 modo
932 1129 1007 1165 frui
1033 1143 1161 1166 amore
1188 1130 1302 1177 dicit,
1335 1130 1499 1168 Plautus
1522 1132 1562 1167 in
1578 1131 1741 1167 Bacchi-

253 1196 386 1233 dibus:
439 1196 577 1243 „Prius
616 1196 678 1234 hic
709 1197 825 1233 adero
858 1210 973 1246 quam
1005 1202 1043 1234 te
1076 1211 1204 1234 amare
1238 1196 1435 1235 (1001113111κ
1473 1201 1511 1234 et
1555 1198 1668 1245 „Sine
1700 1202 1739 1234 te

254 1263 402 1301 01110111κ
442 1262 494 1312 (v.
529 1262 642 1311 21)“.
710 1265 821 1303 Unde
853 1265 1001 1303 Ritsch.
1035 1266 1088 1302 sic
1119 1267 1424 1315 interpretatur:
1475 1265 1624 1313 „Citius
1664 1267 1738 1302 huc

252 1346 447 1382 recurram
495 1346 609 1381 quam
655 1346 756 1370 nunc
800 1333 917 1370 finem
962 1330 1066 1371 facio
1109 1332 1346 1383 amplexui“.
1423 1333 1494 1371 Sed
1542 1348 1613 1371 nec
1657 1335 1740 1371 ulla

255 1402 456 1450 amplexus
489 1401 633 1437 mentio
666 1400 769 1438 facta
801 1405 871 1447 est,
905 1415 975 1438 nec
1007 1415 1136 1438 amare
1169 1406 1206 1438 et
1237 1403 1420 1451 amplecti
1453 1402 1555 1439 idem
1588 1406 1655 1439 est.

365 1472 429 1507 99.
464 1469 676 1506 Pistoclero
702 1469 876 1516 digresso
895 1483 1048 1506 sorores
1066 1471 1168 1506 inter
1187 1483 1227 1507 se
1246 1470 1538 1519 colloquuntur.
1597 1483 1698 1518 „mec
1716 1467 1734 1485 “

251 1539 381 1575 hiatus
413 1537 565 1574 vitandi
597 1550 711 1574 causa
742 1536 924 1583 Guietus,
958 1538 1017 1584 R.‚
1051 1538 1109 1575 Fl.
1141 1559 1197 1563 --
1233 1540 1321 1576 100.
1369 1539 1551 1584 „locatur
1582 1551 1629 1574 ex
1659 1552 1737 1575 am-

252 1606 390 1654 biguo,
422 1605 616 1655 significat
647 1606 747 1641 enim
776 1609 985 1642 amatorem
1012 1606 1247 1656 locupletem
1275 1612 1313 1642 et
1338 1607 1536 1655 copiosum
1562 1607 1597 1642 ei
1623 1606 1741 1643 hodie

252 1675 479 1723 contigisse,
529 1687 646 1722 quum
679 1673 785 1709 aliud
817 1673 944 1710 dicere
976 1674 1176 1720 videatur,
1217 1687 1362 1723 nempe
1393 1674 1516 1711 bonos
1546 1675 1674 1724 pisces
1706 1675 1741 1711 ei

253 1746 402 1791 emptos
433 1739 557 1778 esse“.
591 1741 726 1778 Lamb.
763 1761 810 1765 —
858 1743 947 1779 101.
998 1739 1122 1779 Meus
1154 1742 1234 1788 6814,
1276 1742 1321 1779 cf.
1356 1741 1466 1779 Cure.
1502 1743 1595 1779 431.
1656 1742 1740 1779 Mil.

254 1812 344 1848 336.
392 1809 532 1846 Pseud.
561 1810 652 1846 381.
689 1809 780 1846 604.
812 1829 867 1834 -—
904 1811 992 1847 103.
1026 1806 1147 1859 Aqua
1179 1806 1290 1855 calet,
1326 1809 1377 1846 ad
1408 1810 1629 1856 lavandum,
1665 1822 1741 1858 quo

252 1878 400 1914 recenti
441 1890 486 1914 ex
528 1878 777 1924 navigatione
822 1877 1073 1915 vehementer
1117 1891 1213 1926 opus
1260 1882 1356 1915 erat.
1432 1878 1567 1915 Herm.
1600 1877 1646 1914 R.
1680 1877 1738 1914 Fl.

252 1947 406 1983 inverso
439 1945 596 1982 ordine:
635 1945 769 1990 „Calet
799 1944 940 1994 aqua“.
972 1965 1027 1970 —-
1063 1947 1151 1983 104.
1199 1945 1363 1982 Versum
1395 1945 1533 1982 laudat
1562 1945 1740 1983 Donatus

252 2014 300 2050 ad
318 2013 411 2051 Hec.
434 2015 467 2059 3,
492 2015 522 2059 1,
543 2014 607 2059 41,
640 2014 780 2050 omisso
808 2015 941 2063 priore
960 2023 1020 2060 es,
1052 2013 1104 2050 id.
1125 2013 1173 2050 ad
1190 2013 1288 2050 Eun.
1310 2015 1350 2060 4,
1380 2016 1415 2059 2,
1446 2015 1494 2050 14
1521 2018 1558 2050 et
1582 2014 1738 2050 Phorm.

254 2083 288 2127 2,
327 2082 360 2126 1,
396 2081 465 2117 54:
518 2080 639 2126 „Nam
679 2086 723 2116 ut
762 2094 807 2117 ex
846 2083 943 2118 mari
980 2081 1121 2118 timida
1158 2080 1236 2118 es“.
1309 2079 1453 2119 timida
1492 2085 1551 2118 est
1589 2081 1737 2127 affecta,

252 2162 328 2186 non
366 2149 504 2185 timore
545 2148 670 2184 solum
709 2149 777 2185 sed
816 2151 931 2186 etiam
970 2153 1077 2186 motu
1113 2152 1245 2186 maris.
1314 2149 1398 2186 Vox
1436 2163 1515 2187 non
1546 2149 1637 2186 alibi
1669 2149 1740 2186 hac

251 2215 535 2266 significatione
568 2216 724 2265 legitur.
746 2236 798 2241 —-
829 2219 916 2254 105.
951 2219 1187 2266 (orruptum
1218 2230 1373 2254 versum
1406 2218 1496 2254 olim
1529 2219 1581 2254 sic
1613 2231 1739 2254 emen-

252 2284 415 2320 darunt:
467 2283 615 2321 ..Simul
653 2284 743 2320 hinc
783 2287 913 2322 nescio
960 2288 1025 2335 qui
1063 2286 1198 2322 turbat
1244 2284 1340 2322 0103ι
1413 2285 1543 2322 Herm.
1592 2285 1739 2331 „Simul

251 2352 312 2389 hic
338 2365 439 2388 nunc
463 2353 593 2388 nescio
620 2353 685 2400 qui
710 2352 854 2398 turbat,
889 2355 955 2402 qui
983 2353 1056 2390 huc
1080 2355 1122 2390 it.
1142 2354 1235 2402 quin
1261 2352 1537 2389 decedimus‘?“
1586 2353 1736 2390 Ritsch.

256 2420 401 2467 „Simul
433 2419 493 2455 hic
518 2420 647 2456 nescio
672 2421 738 2468 (1111
765 2420 925 2457 turbare
951 2422 1096 2470 coepit:
1131 2421 1364 2458 decedamus
1388 2418 1518 2458 hinc⁴‘.
1566 2421 1738 2467 Quorum

250 2488 347 2524 nihil
386 2488 560 2524 criticam
600 2488 983 2525 verisimilitudinem
1010 2489 1139 2526 habet.
1201 2488 1274 2534 Qui
1312 2488 1414 2524 hunc
1453 2502 1608 2526 versum
1650 2503 1736 2526 con-

252 2557 409 2604 scripsit
440 2555 630 2592 barbarus
661 2556 788 2601 h01n0,
821 2556 898 2592 tale
931 2556 1025 2604 quid
1058 2557 1227 2592 voluisse
1258 2556 1434 2593 videtur:
1472 2556 1618 2603 „Simul
1649 2557 1738 2593 huic

251 2624 379 2659 nescio
419 2625 498 2669 cui,
546 2624 612 2671 qui
650 2623 809 2660 turbare
842 2621 882 2669 (i.
917 2638 948 2660 e.
980 2628 1024 2660 ut
1062 2622 1213 2670 turbet)
1254 2624 1329 2661 huc
1366 2625 1414 2669 it,
1463 2624 1735 2662 decedamus&

252 2690 326 2728 Sed
366 2692 468 2727 inter
508 2704 543 2728 v.
582 2691 657 2727 104
696 2694 736 2727 et
778 2692 853 2728 106
897 2691 993 2727 1111111
1023 2693 1178 2727 omnino
1218 2691 1483 2737 desideratur,
1531 2705 1601 2728 nec
1643 2692 1736 2728 ferri

250 2763 379 2806 potest
396 2761 471 2795 ista
488 2758 722 2806 significatio
739 2760 926 2808 proximae
943 2771 1080 2805 scenae,
1107 2771 1193 2807 quae
1217 2758 1264 2795 ab
1288 2759 1359 2796 hac
1382 2772 1543 2808 prorsus
1569 2759 1737 2796 discreta
