1897 3171
819 197 856 231 V.
887 199 980 231 1—5.
1564 201 1642 240 373

156 330 282 364 torem
328 328 466 365 virum.
542 326 639 363 Nam
687 330 724 363 et
768 326 982 363 Menander
1027 326 1209 363 similiter
1261 330 1299 363 in
1345 326 1644 376 Disexapatonti

159 395 347 432 comoedia
378 396 455 432 ait:
1453 399 1455 401 “

815 461 1046 510 βουληφόρως

418 532 476 577 τῂν
506 532 684 580 ἡμετέραν,
716 525 742 566 ὦ
770 532 899 578 Δημέα,
931 530 1188 579 προκατέλαβες

419 600 556 648 ὅρασιν,

157 668 181 704 i.
229 680 260 705 e.
308 668 528 705 consiliarie
574 671 772 713 nostram,
827 666 990 713 Demea,
1046 668 1370 716 p1·aeoccupavisti
1415 666 1643 706 visionem“.

157 735 392 772 Ritschelius
425 733 542 782 (Mus.
574 736 695 773 Rhen.
728 735 794 782 IV,
829 736 906 773 587
941 733 1030 784 sq.),
1078 734 1263 771 Demeam
1294 735 1529 772 Nicobulum
1562 749 1645 773 esse

156 804 325 852 putavit,
360 803 626 853 Chrysaloque
657 803 724 840 illa
755 803 873 840 verba
903 803 1068 849 tribuit;
1102 817 1172 840 nos
1205 803 1389 840 Bacchidi
1420 803 1644 841 tribuimus.

157 871 286 909 Dubia
316 872 396 909 haec
429 885 533 918 esse,
577 872 736 908 minime
776 885 980 920 negamus,
1023 876 1140 920 atque
1179 872 1328 908 utinam
1368 876 1477 908 certa
1516 873 1646 921 potius

158 953 273 989 quam
303 940 385 977 veri
415 940 559 977 similia
590 942 700 990 sequi
731 940 886 977 liceret!
949 938 1024 976 Sed
1049 940 1233 988 quoniam
1259 941 1427 990 simplici
1453 941 1646 989 fragmen-

157 1012 287 1045 torum
320 1009 608 1045 enumeratione
644 1009 810 1046 lectores
848 1021 985 1057 parum
1027 1011 1231 1045 contentos
1270 1009 1353 1045 fore
1394 1009 1644 1055 arbitramur,

156 1089 227 1114 nos
266 1090 421 1126 quoque
459 1076 667 1113 ordinandi
713 1076 883 1125 aliquam
929 1077 1122 1112 rationem
1168 1077 1434 1123 instituimus,
1483 1078 1513 1113 si
1560 1077 1646 1125 quis

156 1145 358 1182 meliorem
388 1146 652 1196 proposuerit,
685 1144 854 1181 libenter
886 1145 1043 1181 cessuri.

275 1350 308 1387 1.
357 1350 519 1387 Bacchis
551 1351 674 1387 servis
705 1350 895 1399 imperat,
942 1352 987 1386 ut
1017 1349 1120 1386 aedes
1153 1349 1319 1386 mundas
1350 1349 1496 1386 faciant
1528 1353 1566 1386 et
1599 1349 1648 1386 ad

155 1418 334 1467 hospites
366 1417 616 1468 accipiendos
648 1422 820 1467 paratas.
882 1418 982 1455 Huic
1007 1419 1113 1455 2-3
1146 1422 1226 1455 tam
1259 1418 1396 1455 similis
1427 1419 1649 1467 argumenti

156 1489 267 1533 sunt,
315 1490 359 1523 ut
397 1500 475 1523 non
513 1489 597 1523 sine
638 1499 754 1523 causa
784 1485 1023 1523 Ritschelius
1057 1499 1123 1523 eos
1154 1487 1329 1535 proxime
1361 1486 1570 1535 adiungat,
1609 1490 1649 1523 et

158 1557 240 1591 tres
272 1556 449 1592 senarios
481 1557 535 1591 sic
566 1554 836 1602 redintegrare
869 1558 1049 1592 conetur:

273 1622 507 1660 Conuorrite
540 1620 658 1660 aedis
690 1623 828 1670 scopis,
862 1623 965 1670 agite
998 1626 1167 1669 strenue,

268 1684 512 1728 'Munditias
543 1688 680 1741 facite,
712 1687 905 1739 spamae.
966 1690 1112 1740 Ecquis
1144 1695 1283 1729 euocat

270 1758 365 1796 Cum
396 1760 621 1796 nassiterna
652 1762 690 1795 et
720 1772 805 1796 cum
838 1773 941 1808 aqua
971 1760 1089 1796 istum
1121 1759 1467 1809 impurissumum‘?

158 1827 203 1865 cf.
221 1827 340 1865 Merc.
362 1828 454 1864 391.
502 1827 622 1865 Stich.
652 1828 730 1864 348
763 1840 848 1876 sqq.
886 1825 1160 1873 „Nassiterna“
1196 1829 1252 1864 ait
1281 1828 1422 1865 Festus
1452 1828 1476 1865 1.
1503 1828 1528 1865 l.
1565 1832 1650 1876 „est

156 1909 275 1945 genus
306 1897 393 1932 vasi
425 1897 560 1945 aquari
592 1897 718 1932 ansati
750 1898 790 1931 et
821 1896 1010 1944 patentis,
1059 1896 1172 1945 quale
1205 1900 1283 1942 est,
1331 1909 1406 1945 quo
1439 1898 1528 1945 equi
1559 1909 1648 1946 per-

156 1964 269 2002 fundi
300 1962 469 2010 solent“,
502 1967 541 2000 et
567 1968 710 2013 praeter
734 1963 770 2000 h.
790 1963 814 2001 l.
843 1964 956 2001 affert
981 1965 1091 2013 quasi
1116 1977 1162 2001 ex
1186 1964 1441 2002 Nervolaria:
1481 1964 1649 2014 „Ecquis

157 2033 231 2070 huc
260 2033 382 2070 ecfert
404 2033 663 2069 nassiternam
689 2045 775 2069 cum
800 2031 931 2081 aqua?
957 2031 1072 2079 etc.“,
1092 2033 1159 2081 qui
1182 2045 1316 2070 versus
1333 2032 1455 2070 Stichi
1479 2034 1541 2069 est‘
1557 2034 1648 2070 353.

269 2100 455 2138 Demeam
496 2113 628 2137 senem
667 2101 840 2137 vicinum
886 2101 1072 2138 advenire
1118 2101 1298 2150 suspicor
1335 2104 1375 2138 et
1415 2100 1649 2138 Bacchidem

156 2169 414 2216 interrogare,
447 2169 488 2205 in
519 2169 626 2205 euius
658 2168 845 2205 honorem
878 2169 979 2206 aedes
1010 2182 1100 2207 suas
1132 2173 1257 2207 ornet.
1320 2169 1412 2215 Quae
1445 2183 1562 2219 quum
1591 2182 1649 2206 so-

155 2250 282 2274 rorem
315 2250 354 2273 se
386 2240 591 2286 expectare
623 2236 786 2283 dixerit,
828 2250 959 2273 senem
992 2237 1245 2288 respondere:
1307 2237 1414 2287 „Ego
1446 2242 1484 2274 te
1516 2239 1648 2287 potius

156 2318 299 2342 novum
332 2309 546 2342 amatorem
587 2308 794 2354 expectare
834 2305 1043 2354 putabam,
1091 2307 1154 2342 vel
1194 2306 1483 2343 adulescentem
1525 2306 1647 2352 illum,

157 2375 224 2422 qui
254 2376 336 2410 tam
368 2386 470 2422 saepe
499 2373 559 2409 his
592 2372 740 2409 aedibus
773 2373 1068 2423 adpropinquat
1107 2379 1146 2410 et
1185 2388 1299 2423 quem
1331 2387 1450 2422 quum
1482 2374 1649 2410 maxime

158 2441 426 2478 advenientem
460 2439 704 2490 conspi001·“.
760 2440 830 2478 Cui
862 2441 1036 2488 Bacchis,
1071 2456 1156 2491 quae
1187 2442 1360 2480 nondum
1385 2441 1648 2477 Pistoclerum

157 2509 328 2546 viderat:
381 2509 463 2555 „Tu
493 2509 688 2558 profecto,
728 2507 892 2555 Demea,
934 2511 1088 2559 providi
1129 2510 1394 2548 consiliatoris
1435 2509 1549 2545 modo
1582 2508 1647 2545 ad-

157 2581 331 2626 spectum
370 2591 499 2614 meum
541 2578 815 2626 praevorteris“
854 2576 1076 2624 (Menandri
1110 2579 1229 2615 verba
1260 2581 1370 2622 sunt,
1412 2590 1497 2626 quae
1530 2590 1649 2626 supra

157 2643 391 2693 citavimus).
458 2645 557 2692 „Sed
595 2650 659 2691 tu,
707 2647 863 2683 nostine
902 2647 987 2695 quis
1028 2648 1079 2683 sit
1126 2651 1193 2683 aut
1242 2645 1336 2694 quid
1383 2642 1510 2681 velit‘?
1564 2644 1646 2692 Ego

156 2717 351 2750 errantem
382 2714 476 2759 vidi,
510 2714 578 2750 sed
609 2727 819 2763 numquam
853 2712 1055 2751 conveni“.
1111 2714 1275 2750 Errores
1302 2714 1384 2750 eius
1410 2726 1496 2749 cum
1520 2712 1648 2751 Ulixis

157 2787 369 2830 comparat.
390 2801 443 2806 —
463 2785 496 2819 5.
530 2781 624 2819 Post
652 2779 803 2830 ttessgsinti
826 2783 954 2819 hiatus
980 2784 1020 2819 in
1047 2795 1203 2819 caesura.
1252 2781 1415 2818 Bothius
1441 2785 1480 2817 et
1497 2780 1646 2819 Ritsch.
