1854 3188
717 844 948 886 Bacchis
978 844 1026 884 A.

134 917 390 960 Conuerrite
423 917 579 971 scopis,
613 916 727 970 agite
759 921 946 957 strenue.

617 989 766 1043 ecquis
798 992 952 1029 euocat

137 1061 245 1103 Cum
275 1060 519 1103 nassiterna
549 1064 593 1102 et
624 1074 719 1102 cum
749 1073 864 1114 aqua
894 1060 1025 1100 istum
1056 1059 1437 1112 impurissumum‘?

730 1229 956 1271 Bacchis
988 1230 1036 1269 A.

139 1303 309 1346 Ulixem
340 1303 490 1344 audiui
520 1302 649 1344 fuisse
681 1301 1132 1344 aerumnosissumum.

141 1375 225 1425 Qui
256 1375 378 1416 annis
409 1375 565 1428 uiginti
599 1388 744 1416 errans
777 1381 803 1414 a
833 1374 976 1427 patria
1007 1372 1134 1414 afuit:
1604 1383 1623 1415 5

139 1446 300 1488 Uerum
330 1446 399 1487 hic
430 1446 685 1488 adulescens
715 1445 851 1487 multo
883 1445 1053 1487 Ulixem
1086 1445 1234 1485 anteit.

138 1517 220 1568 Qui
251 1518 349 1559 ilico
383 1522 498 1559 errat
527 1519 642 1560 intra
671 1532 817 1559 muros
850 1518 1023 1559 ciuicos.

140 1662 212 1704 Sin
243 1661 505 1703 lenocinium
534 1662 677 1703 facere
709 1661 1021 1702 conlubitumst
1051 1660 1143 1701 tibi.

139 1733 302 1775 Uideas
332 1733 544 1775 mercedis
576 1734 680 1787 quid
711 1733 834 1774 tibist
864 1746 1048 1785 aequom
1080 1732 1184 1773 (lari.

136 1805 201 1847 Ne
231 1807 340 1847 istac
372 1809 517 1847 aetate
549 1819 615 1847 me
648 1811 811 1847 sectere
844 1804 1008 1858 gratiis.
1583 1814 1625 1845 10

800 1963 969 2005 Senex

138 2037 261 2078 Nam.
293 2037 434 2079 credo.
467 2036 637 2089 quoiuis
669 2040 899 2077 excantare
931 2049 1004 2077 cor
1034 2040 1170 2088 potes.

143 2223 159 2255 1
188 2220 323 2255 (vocaris.
341 2231 380 2264 p.
407 2223 480 2255 219
502 2220 552 2255 K.

144 2279 231 2312 2-3
258 2277 354 2312 Fest.
376 2288 416 2321 p.
442 2280 531 2312 169.-
556 2277 707 2312 Plautus
732 2277 770 2312 in
794 2277 1030 2312 Baccidibus:
1055 2277 1155 2312 Haec
1182 2277 1261 2321 quis
1287 2278 1419 2310 euocat
1444 2278 1511 2310 etc.

140 2336 230 2369 4—7
257 2333 394 2369 Charis.
416 2345 456 2378 p.
482 2337 554 2369 201
580 2334 652 2369 K..·
698 2334 791 2369 Ilico
816 2346 883 2379 pro
908 2335 946 2369 in
971 2335 1063 2369 loco.
1125 2334 1274 2368 Plautus
1304 2334 1342 2367 in
1367 2331 1627 2366 Bacchidibus:

207 2391 352 2426 Ulixem
378 2395 446 2426 etc.

140 2450 254 2483 8—10
280 2447 418 2483 Charis.
442 2459 479 2492 p.
505 2450 578 2483 200
602 2447 649 2482 K.
659 2461 669 2482 .·
707 2447 851 2482 Gratiis.
899 2447 1050 2482 Plautus
1074 2449 1113 2482 in
1137 2447 1397 2482 Bacchidibus:
1436 2444 1499 2478 Sin
1525 2444 1626 2476 leno-

209 2505 345 2539 cinium
370 2504 465 2540 forte
491 2505 694 2539 collibitum
721 2509 775 2539 est
800 2509 866 2539 etc.
961 2507 982 2539 9
1006 2504 1074 2538 tibi
1100 2509 1153 2539 est
1180 2515 1306 2538 aecum

144 2564 182 2596 11
208 2562 352 2596 Nonius
369 2572 408 2605 p.
435 2563 524 2596 102:
573 2561 779 2596 Excantare
805 2561 987 2606 significat
1013 2561 1218 2595 excludere.
1260 2560 1409 2593 Plautus
1436 2555 1627 2591 Bacchidi-

208 2619 295 2652 l'ms:
343 2630 429 2652 nam
461 2618 570 2653 credo
605 2618 720 2652 cuiuis
752 2622 947 2653 excantare
979 2629 1044 2653 001·
1068 2621 1202 2662 potest.
1271 2615 1414 2650 Servius
1446 2614 1494 2648 ad
1530 2613 1627 2656 T‘erfs.

212 2675 338 2710 Bucoz.
372 2675 489 2719 VIII,
524 2676 585 2709 71.-
639 2675 732 2710 Sane
763 2679 907 2710 ueteres
934 2678 1080 2710 cantare
1107 2674 1150 2708 cle
1177 2673 1318 2717 wag-ico
1346 2671 1505 2705 carmine
1534 2670 1630 2703 [lice-

212 2731 311 2774 bant,
336 2731 435 2766 unde
460 2735 496 2766 et
522 2736 714 2766 excantare
737 2735 797 2766 est
819 2732 971 2775 magicis
998 2731 1221 2766 carminibus
1255 2729 1428 2772 obligare.
1476 2727 1630 2761 Plautus

211 2788 250 2821 111
273 2788 534 2822 Bacchidibus:
560 2788 653 2823 Nam
676 2792 717 2822 tu
743 2789 890 2832 quidem
915 2788 1030 2822 cuiuis
1058 2792 1250 2822 excantare
1278 2797 1340 2819 cor
1360 2783 1467 2817 facile
1488 2788 1606 2827 potes.
