1897 3171
236 194 317 233 248
917 190 1039 225 Plauti
1459 189 1521 234 IV,
1535 191 1567 234 2,
1584 189 1721 225 26—35

909 315 1047 371 Lyco

237 388 440 430 Tacuisse
470 387 706 430 mauellem.

835 473 1126 529 Cappadox

765 546 896 588 Haud
925 546 1037 587 male
1068 544 1277 587 meditate
1308 544 1420 587 male
1452 545 1577 587 dicax
1609 559 1664 587 es.

850 631 1110 674 Curculio

238 703 432 758 Indignis
465 704 501 746 si
532 704 642 747 male
677 704 846 757 dicitur,
878 704 991 746 male
1025 704 1189 746 dictum
1219 702 1265 744 id
1295 717 1387 746 esse
1420 703 1552 745 duco:

235 776 396 818 Uerum
426 777 462 818 si
494 776 631 830 dignis
665 775 834 828 dicitur,
865 775 976 818 bene
1010 775 1220 818 dictumst
1244 789 1339 817 meo
1367 774 1541 829 quidem
1565 775 1723 817 animo.

237 847 364 902 Lyco,
395 862 498 890 num
528 847 633 902 quid
662 848 760 890 uis?

914 919 1052 974 Lyco

765 991 882 1033 Bene
914 991 1024 1033 uale.

858 1077 1110 1120 Curculio

994 1149 1116 1192 Uale.

786 1224 788 1226 V
835 1235 1125 1291 Cappadox

1055 1307 1173 1350 Heus
1204 1312 1265 1360 tu,
1298 1307 1379 1350 tibi
1411 1322 1489 1362 ego
1522 1308 1631 1351 dico.
1657 1318 1727 1353 515

853 1393 1111 1437 Curculio

235 1467 465 1523 Eloquere,
497 1466 601 1522 quid
633 1466 726 1508 uis?

835 1536 1126 1592 Cappadox

695 1608 877 1661 Quaeso,
909 1613 957 1651 ut
988 1609 1100 1651 hanc
1133 1624 1265 1661 cures,
1299 1614 1344 1651 ut
1372 1609 1481 1652 bene
1515 1611 1570 1652 sit
1600 1610 1695 1662 isti;

237 1683 355 1726 Bene
388 1697 466 1737 ego
498 1683 625 1724 istam
657 1681 786 1723 eduxi
817 1694 937 1723 meae
971 1681 1087 1723 domi
1119 1685 1161 1724 et
1192 1681 1359 1736 pudice.

857 1767 1107 1811 Curculio

1294 1839 1337 1882 Si
1367 1839 1495 1883 huius
1527 1841 1720 1892 miseret,

238 1913 405 1967 Ecquid
437 1912 526 1965 das,
559 1913 632 1966 qui
662 1911 771 1954 bene-
804 1913 887 1954 sit?

834 2008 1122 2063 Cappadox

860 2081 1034 2122 Malum.

853 2166 1105 2211 Curculio

1014 2240 1111 2282 Tibi
1144 2245 1285 2294 opust,
1318 2240 1391 2295 qui
1421 2245 1464 2283 te
1496 2253 1720 2296 procures.

827 2326 1123 2382 Cappadox

232 2399 360 2452 Quid,
393 2399 541 2449 stulta,
573 2398 749 2452 ploras?
780 2413 831 2440 ne
862 2399 986 2450 time3
1018 2398 1127 2441 bene
1158 2398 1303 2441 hercle
1336 2398 1514 2441 uendidi
1543 2403 1599 2441 te.

229 2472 340 2514 Face
375 2472 433 2514 sis
464 2471 605 2513 bonae
635 2469 749 2523 frugi
780 2471 885 2521 sies,
919 2485 1097 2523 sequere
1129 2471 1259 2512 istum
1290 2470 1408 2513 bella
1438 2470 1563 2513 belle.
1654 2482 1723 2516 520

320 2655 386 2688 512
410 2653 569 2689 mallem.
595 2653 671 2688 LE.
697 2654 755 2688 Au
849 2655 914 2688 513
941 2653 1023 2687 dico
1119 2656 1208 2689 Post
1232 2655 1300 2689 514
1323 2655 1456 2699 leqitur
1479 2657 1560 2690 498.
1652 2656 1721 2690 516

232 2722 338 2745 cures
363 2711 457 2745 bene
505 2712 570 2745 517
598 2722 665 2756 ego
691 2721 756 2746 om.
816 2721 897 2744 mea
964 2711 1029 2744 518
1056 2722 1146 2755 opus
1172 2714 1226 2745 est
1251 2710 1321 2745 hoc
1348 2709 1409 2755 qui
1478 2712 1543 2746 519
1568 2711 1720 2749 uendidi

229 2778 299 2812 ego
325 2770 361 2802 te
