1897 3171
246 188 324 227 350
882 184 1083 218 Aulularia.

247 314 338 351 104.
372 314 463 350 307.
511 312 596 350 Ter.
630 312 721 350 Hec.
755 314 820 351 71.
855 314 919 350 72.
973 312 1049 350 Cic.
1083 312 1153 350 Off.
1185 312 1255 359 III,
1289 313 1353 358 23,
1387 313 1451 350 89.
1507 310 1722 359 „⁴iniurius“

243 380 343 418 Rud.
381 381 499 418 1152.
554 381 640 418 Ter.
672 381 794 418 Andr.
829 381 920 418 378.
974 380 1114 417 Heaut.
1150 381 1242 418 320.
1273 399 1329 405 —
1362 382 1453 418 692.
1485 377 1556 418 ubi
1586 380 1729 417 ultima

243 449 380 498 longa3
411 448 660 486 vehementer
691 448 851 485 dubitat
875 448 1046 494 Muller„
1078 448 1137 485 Pl.
1156 447 1264 485 Pros.
1283 460 1320 497 p.
1341 449 1405 485 28.
1437 468 1492 473 —
1524 445 1572 486 de
1598 445 1730 496 capite

244 527 331 555 ‘meo
362 517 462 554 sunt
491 514 661 562 Comitia,
693 518 718 554 i.
751 530 782 554 e.
816 517 862 553 de
893 517 1020 553 salute
1051 529 1136 552 mea
1166 517 1316 563 agitur;
1357 515 1404 552 cf.
1437 515 1593 553 Trucul.
1629 517 1726 554 806:

249 598 357 631 „meo
387 585 468 621 illic
500 598 602 622 nunc
633 588 724 622 sunt
755 585 872 634 capiti
900 582 1096 622 comitia“.
1142 583 1286 620 Pseud.
1316 584 1441 621 1228:
1488 584 1729 630 „Pseudulus

244 653 341 689 mihi
381 653 602 689 centuriata
639 652 778 689 habuit
816 653 954 702 capitis
995 650 1200 697 comitia“3
1246 664 1335 688 nam
1380 651 1426 688 de
1466 653 1594 701 capite
1634 652 1729 689 civis

247 720 413 758 Romani
452 722 526 757 nisi
559 721 761 757 comitiatu
790 721 957 757 maximo
989 721 1050 768 agi
1080 732 1157 756 non
1188 723 1357 769 poterat.
1418 719 1560 757 Plauto
1600 723 1730 757 autem

242 790 283 825 in
314 794 499 837 promptu
530 792 632 834 erat,
678 791 722 825 ut
753 788 958 825 consilium
992 801 1077 825 cum
1117 791 1276 833 senatu,
1322 787 1379 823 ita
1417 787 1605 825 iudicium
1645 801 1731 825 cum

246 858 414 893 comitiis
447 869 684 905 comparare.

361 926 452 962 693.
501 924 695 961 Strobilus
741 924 828 960 011ae
874 925 1027 973 potitus
1072 923 1296 970 ingentibus
1340 923 1524 960 laudibus
1571 923 1731 960 divitias

245 1005 332 1029 suas
365 992 557 1041 praedicat
590 996 648 1038 et,
689 992 875 1040 quicquid
914 996 981 1029 aut
1013 1005 1059 1028 ex
1089 991 1232 1027 fabulis
1263 995 1331 1027 aut
1363 1004 1409 1027 ex
1438 991 1605 1028 historia
1635 1004 1730 1040 opu-

244 1060 500 1096 lentissimum
535 1063 879 1107 commemoretur,
927 1073 966 1096 se
1005 1072 1189 1108 superare
1229 1058 1336 1096 dicit.
1412 1058 1563 1095 Fabula
1600 1062 1730 1095 autem

243 1132 329 1164 erat
373 1129 590 1176 antiquitus
635 1128 858 1174 notissima,
906 1128 1013 1165 cuius
1060 1126 1284 1164 Herodotus
1328 1126 1401 1172 IV,
1448 1128 1495 1163 13
1535 1127 1732 1163 Aristeam

243 1194 545 1233 Proconnesium
572 1200 771 1232 auctorem
796 1195 921 1241 affert,
955 1195 1002 1232 de
1018 1195 1193 1244 Rhipaeis
1218 1194 1414 1231 montibus
1438 1207 1574 1231 aurum
1604 1194 1731 1231 feren-

242 1262 347 1300 tibus
365 1263 433 1300 sed
452 1263 561 1301 aditu
587 1263 829 1301 difficillimis
852 1267 1019 1313 propter
1035 1275 1178 1312 grypes
1196 1275 1333 1299 aurum
1350 1265 1563 1308 servantes,
1591 1261 1732 1310 quibus

244 1343 291 1367 ea
323 1330 370 1368 de
402 1344 517 1368 causa
542 1345 627 1369 cum
653 1331 874 1381 Arimaspis
904 1332 1044 1369 vicinis
1076 1332 1302 1367 continuum
1333 1329 1479 1366 bellum
1512 1333 1625 1366 esset.
1672 1328 1733 1366 Ex

244 1398 450 1437 Herodoto
482 1399 563 1436 haec
594 1400 739 1449 repetit
769 1399 917 1436 Plinius
949 1398 996 1436 H.
1021 1398 1068 1435 N.
1093 1397 1178 1444 VII,
1207 1399 1240 1444 l,
1276 1399 1312 1444 2,
1348 1398 1415 1435 10:
1453 1393 1730 1446 „(Arimaspis)

243 1466 397 1504 assidue
437 1467 580 1505 bellum
621 1481 703 1504 esse
744 1469 845 1504 circa
876 1466 1034 1504 metalla
1065 1479 1152 1502 cum
1184 1466 1339 1515 grypis,
1380 1465 1551 1502 ferarum
1581 1465 1732 1502 volucri

241 1548 403 1585 genere,
437 1536 550 1585 quale
581 1536 697 1585 vulgo
728 1535 921 1581 traditur,
956 1538 1114 1571 eruente
1146 1547 1192 1570 ex
1223 1533 1410 1570 cuniculis
1442 1546 1600 1579 aurum,
1634 1533 1734 1570 mira

243 1603 456 1653 cupiditate
495 1609 533 1640 et
572 1604 664 1640 feris
704 1602 1019 1641 custodientibus
1052 1605 1090 1638 et
1120 1602 1338 1650 Arimaspis
1370 1599 1656 1650 rapientibus“,
1690 1603 1730 1637 et

241 1666 346 1708 Mela
384 1671 442 1718 II,
487 1673 527 1718 1,
575 1674 634 1709 0111
680 1671 845 1721 „gryphi
883 1683 1026 1708 saevum
1067 1673 1105 1706 et
1140 1670 1323 1719 pertinax
1360 1668 1532 1705 ferarum
1578 1665 1724 1718 genus“

242 1742 345 1777 sunt.
405 1739 463 1776 De
495 1739 657 1789 gryphis
689 1743 820 1775 autem
851 1738 1007 1776 Servius
1040 1737 1088 1774 ad
1121 1737 1234 1786 Verg.
1267 1737 1361 1774 Buc.
1396 1738 1431 1783 8,
1466 1737 1538 1772 27:
1591 1735 1731 1782 „Omni

241 1811 356 1856 parte
388 1808 518 1844 leones
561 1810 671 1853 sunt,
719 1807 790 1844 alis
830 1811 869 1843 et
907 1807 1005 1843 facie
1037 1805 1179 1854 aquilis
1211 1801 1396 1851 similes“‚
1444 1817 1515 1841 nec
1546 1803 1662 1840 aliter
1691 1804 1732 1840 in

242 1875 478 1924 imaginibus
518 1876 580 1912 vel
621 1875 784 1924 sculptis
824 1874 886 1911 vel
931 1874 1048 1924 pictis
1095 1876 1299 1922 apparent.
1374 1872 1420 1909 In
1456 1872 1612 1909 Italiam
1651 1871 1733 1909 haec

243 1943 376 1979 fabula
405 1946 558 1980 mature
596 1942 807 1979 admodum
852 1942 1054 1990 pervenit,
1101 1941 1133 1977 si
1166 1940 1325 1990 quidem
1371 1941 1523 1989 antiqui
1567 1939 1733 1977 Romani

241 2013 393 2046 mutato
424 2012 578 2047 nomine
609 2024 687 2047 non
718 2022 860 2059 grypos
892 2009 960 2046 sed
993 2012 1061 2045 aut
1083 2005 1201 2056 pices
1232 2012 1300 2045 aut
1320 2005 1443 2055 ploos
1468 2007 1729 2056 appellarunt,

241 2079 322 2115 sive
353 2077 400 2114 de
431 2078 523 2115 feris
554 2078 623 2114 illo
655 2077 772 2114 modo
803 2077 982 2114 formatis
1013 2077 1256 2124 cogitarunt,
1303 2078 1384 2113 sive
1415 2075 1464 2112 ad
1493 2075 1602 2123 picos
1634 2088 1725 2112 aves

242 2146 327 2182 auri
368 2146 640 2195 cupidissimos
680 2145 850 2182 fabulam
891 2143 1191 2182 transtulerunt.
1261 2143 1337 2180 Res
1368 2142 1487 2180 dubia
1518 2147 1598 2189 est,
1641 2155 1731 2180 nam

241 2212 393 2250 Nonius
432 2226 468 2262 p.
514 2214 611 2250 152:
664 2208 814 2258 „Pe'cos
859 2216 1014 2249 veteres
1063 2224 1146 2248 esse
1183 2211 1416 2258 voluerunt,
1464 2224 1562 2260 quos
1602 2209 1731 2247 Graeci

242 2293 385 2330 grypas
418 2281 631 2330 appellant.
692 2280 859 2317 Plautus
897 2280 1123 2317 Aulularia:
1171 2279 1253 2316 Pici
1285 2279 1442 2326 diuitis,
1490 2279 1557 2328 qui
1589 2290 1728 2316 aureos

241 2353 395 2386 montes
436 2349 587 2395 colunt,
621 2348 698 2385 Eos
730 2348 836 2384 solus
868 2346 1060 2396 supero“;
1102 2347 1275 2384 Plautini
1305 2351 1435 2384 autem
1469 2345 1580 2383 codd.
1616 2341 1730 2384 Picis

241 2417 399 2463 habent,
447 2430 562 2466 quam
609 2418 813 2464 antiquam
858 2416 1089 2452 nominativi
1133 2414 1297 2452 formam
1343 2414 1517 2452 eiusdem
1560 2414 1730 2451 nominis

242 2482 353 2533 (pici)
388 2497 471 2521 esse
504 2485 653 2521 censuit
683 2483 844 2529 Ritsch.,
876 2483 978 2520 Mus.
1010 2482 1134 2520 Rhen.
1168 2482 1235 2529 IX,
1267 2496 1306 2532 p.
1343 2483 1433 2519 156.
1493 2481 1546 2518 Et
1585 2485 1729 2518 attrac-

240 2553 387 2589 tionem
428 2552 582 2601 quidem
621 2551 789 2589 nominis
828 2550 876 2587 ad
908 2563 1071 2599 sequens
1101 2562 1315 2599 pronomen
1345 2550 1556 2587 relativum
1587 2550 1729 2598 saepius

241 2619 345 2669 apud
375 2619 556 2657 Plautum
587 2618 673 2656 fieri
704 2622 868 2664 constat,
908 2618 985 2655 vid.
1019 2618 1069 2654 ad
1100 2618 1240 2666 Amph.
1277 2619 1402 2664 10023
1441 2617 1510 2655 sed
1541 2617 1611 2654 hoc
1642 2617 1727 2653 loco

241 2689 513 2724 attractionem
550 2688 786 2737 interposita
825 2698 901 2723 vox
936 2683 1130 2732 „diuitiis“
1166 2686 1342 2734 impedit,
1383 2698 1470 2734 quae
1500 2686 1576 2721 isto
1612 2684 1727 2722 modo

242 2768 263 2791 a
292 2755 425 2802 verbo,
460 2755 509 2792 ad
541 2755 645 2804 quod
674 2755 861 2805 pertinet,
894 2753 1047 2790 divulsa
1077 2754 1117 2789 in
1148 2753 1313 2790 alteram
1344 2753 1579 2790 sententiam
1601 2756 1728 2789 trans-
