1897 3171
810 173 851 208 V.
881 175 1025 208 64—90.
1578 177 1655 215 381

159 318 303 354 operas
318 316 460 352 magno
478 308 657 342 constare
682 317 760 341 non
782 305 950 352 ignorat.
968 322 1024 328 —-
1041 304 1105 340 73.
1141 301 1256 340 locon
1271 304 1448 340 ultimam
1466 305 1651 352 corripit,

166 387 201 410 v.
234 373 417 420 Prolegg.
442 385 480 420 p.
510 373 611 418 2063
644 372 774 408 Herm.
809 369 956 417 „istuc“
993 371 1141 416 omisit;
1176 370 1346 408 Ritsch.:
1385 371 1551 417 „Utrum
1584 383 1657 419 ego

166 442 279 478 iocon
295 440 335 477 id
354 438 573 477 simulem“.
614 440 762 477 Charis.
781 452 818 488 p.
839 440 917 476 220
936 439 984 476 K.
1004 453 1090 476 cum
1108 438 1300 476 Plautinis
1319 439 1430 476 codd.
1450 441 1655 477 consentit.

167 509 309 546 utrum
438 518 499 554 ne,
533 508 579 545 cf.
613 509 707 545 497.
763 507 875 556 Capt.
910 508 1003 544 267.
1039 508 1087 545 al.
1120 527 1173 532 ——-
1208 508 1272 544 74.
1315 504 1443 554 Heia,
1487 508 1660 546 declinat

168 591 190 613 a
221 576 509 626 respondendo.
543 596 597 601 --
628 573 700 613 7206
731 585 868 625 affere,
902 576 1008 624 quod
1040 577 1238 625 inceptum
1271 580 1348 621 est,
1398 577 1656 623 considerare,

171 657 246 693 quo
286 644 404 681 modo
446 644 557 681 miles
596 645 763 680 coerceri
802 645 952 693 possit,
1000 644 1046 681 cf.
1088 644 1175 681 Ter.
1209 643 1362 680 Phorm.
1397 645 1498 681 435:
1550 645 1657 689 „Hoc

168 710 287 761 age²‘;
320 712 373 750 ib.
411 713 502 758 350,
536 712 586 749 al.
646 712 746 749 Eun.
781 713 879 749 348:
918 712 1050 759 „Alias
1081 725 1145 748 res
1179 710 1302 759 agis‘'.
1335 712 1384 748 al.
1417 730 1471 736 --
1502 714 1566 749 76.
1600 712 1657 749 Ne

164 785 255 828 post
288 789 365 829 ayo
395 780 524 817 hiatus
556 782 626 826 sit,
668 780 800 817 Herm.
834 779 878 817 R.
911 779 993 817 FL:
1044 779 1155 826 „Scio
1196 792 1267 826 ego
1300 780 1395 828 quid
1427 787 1539 828 ago'’.
1601 781 1656 818 De

168 847 384 884 indicativo
430 849 509 885 vid.
542 848 592 885 ad
629 848 768 897 Amph.
813 850 874 885 17.
920 868 976 872 -—-
1023 845 1125 896 quid
1169 843 1265 885 ais?
1310 847 1387 884 vid.
1427 848 1475 884 ad
1514 849 1654 897 Amph.

166 916 261 952 414.
287 935 342 940 —
374 918 439 953 77.
471 913 615 954 ueniat
645 916 777 961 codd,
816 914 1020 962 „eueniatf‘
1057 915 1206 952 Camer.
1240 915 1306 961 Η,
1346 917 1410 952 vix
1443 930 1560 965 opus7
1609 918 1655 953 cf.

167 983 278 1032 Capt.
314 984 406 1022 545.
479 983 570 1022 Sall.
602 984 686 1032 Iug.
724 986 820 1030 103,
857 986 902 1021 2;
952 983 1220 1033 „reputando,
1269 996 1353 1032 quae
1392 984 1466 1020 sibi
1509 984 1656 1022 duobus

164 1051 313 1100 proeliis
344 1049 575 1089 venerant“.
608 1052 658 1090 ib.
687 1053 723 1098 4,
758 1054 794 1089 4.
830 1053 864 1098 8,
900 1054 936 1089 2.
964 1052 1012 1089 al.
1045 1072 1100 1076 ——
1132 1053 1195 1089 79.
1219 1047 1416 1089 accubem
1433 1051 1584 1090 Camer.
1604 1073 1657 1077 -

165 1121 214 1157 81
251 1133 308 1169 sq.
341 1119 578 1157 Ritschelius
609 1122 781 1156 numeris
813 1133 951 1169 parum
984 1124 1189 1157 contentus
1221 1119 1366 1157 edidit:
1417 1120 1516 1166 „Ubi
1547 1121 1656 1158 uoles

164 1191 207 1224 tu
238 1187 313 1223 tibi
345 1201 429 1225 esse
461 1186 614 1237 lepide“
652 1193 690 1225 et
726 1187 808 1234 „Da
838 1192 882 1225 tu
914 1189 982 1237 qui
1012 1188 1110 1225 bene
1141 1189 1211 1235 sit,
1253 1200 1345 1235 ego,
1379 1188 1446 1224 ubi
1478 1187 1565 1226 sitf*
1602 1209 1657 1213 —

165 1257 229 1293 83.
263 1255 427 1292 Versum
461 1256 630 1293 afferunt
657 1260 696 1293 et
714 1256 912 1294 Charisius
938 1270 976 1306 p.
998 1258 1073 1293 221
1094 1256 1141 1294 K.
1161 1260 1200 1293 et
1216 1255 1373 1293 Servius
1406 1256 1454 1293 ad
1477 1256 1567 1294 AEn.
1587 1256 1654 1303 IX,

164 1324 258 1369 329,
278 1323 348 1360 sed
362 1323 444 1361 hic:
467 1324 657 1372 „Magnus
677 1329 734 1362 est
749 1325 810 1362 hic
826 1324 1005 1362 fluvius.“
1029 1343 1076 1349 -
1100 1326 1163 1362 85.
1189 1321 1255 1361 Ala
1276 1325 1368 1361 olim
1389 1324 1654 1378 emendatum,

164 1391 276 1429 codd.
299 1389 440 1439 ‚,aha“.
458 1412 513 1417 —
539 1390 829 1439 illecebrosius,
855 1393 1129 1430 illecebrarum
1148 1393 1314 1442 plenius.
1358 1392 1501 1429 Locum
1520 1392 1657 1429 laudat

162 1459 364 1497 Charisius
396 1473 434 1510 p.
462 1462 540 1498 203
568 1461 616 1498 K.
650 1465 688 1498 et
713 1461 891 1498 Donatus
918 1461 967 1497 ad
989 1460 1158 1509 Adelph.
1185 1462 1278 1507 470,
1313 1462 1420 1497 cuius
1445 1460 1503 1497 ed.
1529 1463 1653 1510 princ.

164 1527 245 1564 haec
283 1527 422 1565 habet:
480 1528 606 1574 „Quid
652 1529 726 1566 hoc
771 1529 1040 1566 illecebrosius
1078 1528 1163 1565 fieri
1201 1532 1351 1577 potest,
1400 1542 1474 1565 nox
1514 1529 1656 1565 mulier

163 1595 297 1632 uinum
329 1595 579 1633 hominibus?
613 1597 708 1646 quid
739 1597 811 1634 hoc
835 1597 1104 1634 illecebrosius
1128 1597 1279 1633 homini
1305 1595 1652 1634 adulescentulo‘?“

165 1662 239 1700 Sed
273 1665 398 1701 oratio
438 1665 579 1701 misere
618 1665 711 1702 hiat.
788 1666 869 1702 Aut
906 1665 1063 1701 nomina
1100 1665 1294 1702 vocabulo
1332 1662 1437 1702 istoc·
1474 1666 1659 1714 apposita

162 1732 338 1769 ablativo
370 1745 463 1769 casu
493 1733 675 1782 ponenda
707 1736 835 1778 erant,
877 1738 944 1769 aut
976 1743 1098 1782 quam
1128 1732 1221 1769 addi
1252 1732 1440 1779 debebat,
1481 1733 1586 1781 quod
1618 1734 1658 1769 in

168 1800 321 1848 vulgari
365 1799 568 1837 hominum
609 1813 786 1837 sermone
832 1800 1031 1838 interdum
1076 1805 1164 1849 post
1202 1800 1417 1838 ablativum
1457 1814 1657 1850 compara-

165 1868 288 1904 tionis
320 1867 506 1915 abundat,
539 1868 618 1906 vid.
651 1868 698 1905 ad
731 1869 839 1905 Asin.
875 1869 976 1915 4323
1009 1868 1096 1905 add.
1130 1868 1228 1905 Plin.
1249 1868 1361 1907 H.N.
1388 1869 1547 1915 XXXV,
1586 1870 1654 1906 10:

169 1935 279 1982 „Quo
305 1937 431 1973 maius
457 1937 607 1974 nullum
635 1941 695 1974 est
720 1937 920 1973 felicitatis
952 1938 1158 1985 specimen,
1193 1950 1308 1986 quam
1341 1950 1495 1986 semper
1527 1950 1659 1974 omnes

166 2004 265 2040 scire
297 2017 449 2054 cupere,
483 2005 610 2054 qualis
641 2005 761 2042 fuerit
793 2003 976 2053 aliquis“.
1038 2004 1118 2041 Nec
1146 2005 1294 2051 dubito,
1328 2006 1422 2054 quin
1455 2005 1536 2041 haec
1569 2018 1658 2042 con-

162 2072 312 2108 iunctio
357 2072 568 2119 exciderit,
616 2086 659 2109 ac
705 2072 952 2109 scribendum
997 2074 1066 2118 sit,
1115 2073 1222 2122 quod
1261 2076 1378 2110 etiam
1419 2072 1578 2110 Gertzio
1618 2074 1658 2109 in

165 2143 335 2176 mentem
365 2142 483 2187 venit,
522 2145 637 2190 „pote
670 2139 826 2189 quam“.
887 2140 950 2176 Ad
981 2141 1215 2178 sententiam
1247 2142 1466 2191 comparari
1495 2144 1658 2190 possunt

163 2207 241 2244 loci
279 2207 328 2244 ad
366 2208 454 2246 Aul.
489 2209 568 2245 738
610 2209 733 2246 allati.
810 2208 865 2244 De
908 2209 1097 2257 asyndeto
1137 2210 1183 2246 cf.
1217 2210 1264 2246 ad
1304 2209 1444 2258 Amph.
1480 2211 1572 2246 891.
1605 2229 1658 2233 —-

164 2275 232 2312 87.
278 2271 369 2325 ΑΗΘ
411 2273 554 2326 ίιᾳίύῑιν,
597 2274 676 2314 εἶεν.
753 2275 800 2313 Se
854 2289 934 2313 rem
987 2290 1126 2326 parum
1181 2291 1316 2315 curare
1362 2278 1531 2315 simulat.
1602 2277 1656 2314 Cf.

165 2341 307 2380 Pseud.
360 2344 486 2381 1324:
546 2346 652 2392 „Age
698 2342 832 2382 sane“.
907 2344 996 2382 Ter.
1048 2344 1204 2383 Phorm.
1246 2345 1345 2383 662:
1398 2347 1525 2392 „Age,
1574 2358 1656 2393 age,

164 2412 243 2447 iam
275 2409 432 2448 ducat“.
493 2411 566 2449 Ad.
601 2412 700 2448 202:
751 2412 871 2459 „Age,
912 2413 991 2448 iam
1024 2411 1178 2462 cupi0“.
1249 2413 1324 2450 Cic.
1358 2413 1441 2450 Mil.
1479 2414 1546 2457 19,
1581 2413 1655 2449 49:

170 2478 296 2527 „Age,
338 2480 390 2515 sit
421 2480 477 2516 ita
508 2479 695 2516 factum“.
737 2499 793 2504 —
833 2481 896 2517 88.
938 2480 981 2517 tu
1011 2494 1146 2517 versus
1179 2494 1294 2518 causa
1326 2482 1462 2526 omisi,
1505 2480 1655 2517 Ritsch.

162 2549 338 2596 transp.:
377 2547 530 2593 „nullus
560 2546 645 2584 tu“.
705 2544 857 2595 nullus,
891 2548 970 2585 vid.
1004 2549 1054 2585 ad
1085 2550 1194 2585 Asin.
1229 2550 1322 2585 405.
1356 2567 1410 2572 —
1442 2549 1506 2584 90.
1549 2543 1660 2595 Quid

163 2614 229 2652 est
258 2611 368 2664 quod
396 2611 589 2653 metuas?
638 2615 730 2653 Haec
759 2616 899 2653 Atticae
938 2620 1043 2654 recte
1083 2616 1224 2653 tribuit
1256 2615 1404 2652 Ritsch.
1437 2635 1493 2639 -—
1524 2625 1657 2652 emem-

165 2692 283 2731 cupo.
331 2682 434 2720 Satis
464 2684 593 2720 fuerat
627 2682 868 2734 „mancupo“
903 2689 948 2721 ut
973 2684 1083 2722 Curc.
1111 2685 1203 2720 495.
1252 2682 1328 2720 Cic.
1362 2682 1444 2719 Cat.
1472 2683 1561 2718 mai.
1594 2683 1655 2728 ll,

166 2750 241 2786 38:
292 2754 497 2797 „senectus
543 2752 689 2789 nemini
734 2750 1006 2801 mancipata“;
1054 2752 1199 2789 dicitur
1244 2754 1374 2786 tamen
1421 2751 1539 2786 etiam
1581 2762 1658 2786 non
