<?xml version="1.0" encoding="UTF-8"?>
<!DOCTYPE html PUBLIC "-//W3C//DTD XHTML 1.0 Transitional//EN"
    "http://www.w3.org/TR/xhtml1/DTD/xhtml1-transitional.dtd">
<html xmlns="http://www.w3.org/1999/xhtml" xml:lang="en" lang="en">
 <head>
  <title>
</title>
<meta http-equiv="Content-Type" content="text/html;charset=utf-8" />
  <meta name='ocr-system' content='tesseract 3.04.00' />
  <meta name='ocr-capabilities' content='ocr_page ocr_carea ocr_par ocr_line ocrx_word'/>
</head>
<body>
  <div class='ocr_page' id='page_1' title='image "./comoediaerecensu02plauuoft_0489.png"; bbox 0 0 1897 3171; ppageno 0'>
   <div class='ocr_carea' id='block_1_1' title="bbox 754 196 1621 237">
    <p class='ocr_par' dir='ltr' id='par_1_1' title="bbox 754 196 1621 237">
     <span class='ocr_line' id='line_1_1' title="bbox 754 196 1621 237; baseline 0.013 -10"><span class='ocrx_word' id='word_1_1' title='bbox 754 196 790 227; x_wconf 67' lang='lat' dir='ltr'>v</span> <span class='ocrx_word' id='word_1_2' title='bbox 823 198 1007 229; x_wconf 76' lang='lat'>121-159.</span> <span class='ocrx_word' id='word_1_3' title='bbox 1541 200 1621 237; x_wconf 82' lang='lat'><strong>469</strong></span> 
     </span>
    </p>
   </div>
   <div class='ocr_carea' id='block_1_2' title="bbox 115 322 1627 2847">
    <p class='ocr_par' dir='ltr' id='par_1_2' title="bbox 115 322 1627 2847">
     <span class='ocr_line' id='line_1_2' title="bbox 133 322 1620 376; baseline 0 -13"><span class='ocrx_word' id='word_1_4' title='bbox 133 327 265 363; x_wconf 80' lang='lat' dir='ltr'><strong>hiatur</strong></span> <span class='ocrx_word' id='word_1_5' title='bbox 288 330 326 363; x_wconf 90' lang='lat' dir='ltr'><strong>et</strong></span> <span class='ocrx_word' id='word_1_6' title='bbox 350 330 441 376; x_wconf 87' lang='lat' dir='ltr'><strong>post</strong></span> <span class='ocrx_word' id='word_1_7' title='bbox 463 322 681 372; x_wconf 82' lang='lat' dir='ltr'><strong>„animum“</strong></span> <span class='ocrx_word' id='word_1_8' title='bbox 703 328 742 361; x_wconf 90' lang='lat' dir='ltr'><strong>et</strong></span> <span class='ocrx_word' id='word_1_9' title='bbox 768 328 860 375; x_wconf 89' lang='lat' dir='ltr'><strong>post</strong></span> <span class='ocrx_word' id='word_1_10' title='bbox 882 323 1054 371; x_wconf 66' lang='lat' dir='ltr'><strong>,‚Ehe11“.</strong></span> <span class='ocrx_word' id='word_1_11' title='bbox 1075 346 1127 349; x_wconf 53' lang='lat'><strong>—*</strong></span> <span class='ocrx_word' id='word_1_12' title='bbox 1158 326 1246 363; x_wconf 82' lang='lat'>153.</span> <span class='ocrx_word' id='word_1_13' title='bbox 1280 322 1386 374; x_wconf 70' lang='lat' dir='ltr'><strong>Quia</strong></span> <span class='ocrx_word' id='word_1_14' title='bbox 1409 327 1432 363; x_wconf 83' lang='lat' dir='ltr'><strong>i.</strong></span> <span class='ocrx_word' id='word_1_15' title='bbox 1453 339 1484 363; x_wconf 90' lang='lat' dir='ltr'><strong>e.</strong></span> <span class='ocrx_word' id='word_1_16' title='bbox 1504 326 1620 376; x_wconf 87' lang='lat' dir='ltr'><strong>quod,</strong></span> 
     </span>
     <span class='ocr_line' id='line_1_3' title="bbox 132 393 1627 444; baseline -0.001 -12"><span class='ocrx_word' id='word_1_17' title='bbox 132 409 168 433; x_wconf 90' lang='lat' dir='ltr'><strong>v.</strong></span> <span class='ocrx_word' id='word_1_18' title='bbox 196 395 244 432; x_wconf 87' lang='lat' dir='ltr'><strong>ad</strong></span> <span class='ocrx_word' id='word_1_19' title='bbox 270 395 376 433; x_wconf 84' lang='lat' dir='ltr'>Asin.</span> <span class='ocrx_word' id='word_1_20' title='bbox 398 397 461 432; x_wconf 86' lang='lat'><strong>55.</strong></span> <span class='ocrx_word' id='word_1_21' title='bbox 487 415 541 419; x_wconf 88' lang='lat'><strong>—</strong></span> <span class='ocrx_word' id='word_1_22' title='bbox 570 395 658 431; x_wconf 82' lang='lat'>155.</span> <span class='ocrx_word' id='word_1_23' title='bbox 694 393 908 442; x_wconf 77' lang='lat' dir='ltr'>Hegionem</span> <span class='ocrx_word' id='word_1_24' title='bbox 934 407 1010 430; x_wconf 87' lang='lat' dir='ltr'><strong>non</strong></span> <span class='ocrx_word' id='word_1_25' title='bbox 1036 393 1152 439; x_wconf 75' lang='lat' dir='ltr'><strong>fallit,</strong></span> <span class='ocrx_word' id='word_1_26' title='bbox 1186 407 1262 442; x_wconf 85' lang='lat' dir='ltr'><strong>qua</strong></span> <span class='ocrx_word' id='word_1_27' title='bbox 1289 394 1336 431; x_wconf 86' lang='lat' dir='ltr'><strong>de</strong></span> <span class='ocrx_word' id='word_1_28' title='bbox 1369 408 1483 431; x_wconf 77' lang='lat' dir='ltr'><strong>causa</strong></span> <span class='ocrx_word' id='word_1_29' title='bbox 1514 408 1627 444; x_wconf 83' lang='lat' dir='ltr'><strong>para-</strong></span> 
     </span>
     <span class='ocr_line' id='line_1_4' title="bbox 134 461 1626 511; baseline -0.001 -10"><span class='ocrx_word' id='word_1_30' title='bbox 134 465 232 501; x_wconf 71' lang='lat' dir='ltr'><strong>situs</strong></span> <span class='ocrx_word' id='word_1_31' title='bbox 263 463 385 500; x_wconf 89' lang='lat' dir='ltr'><strong>filium</strong></span> <span class='ocrx_word' id='word_1_32' title='bbox 419 467 531 501; x_wconf 84' lang='lat' dir='ltr'><strong>amet.</strong></span> <span class='ocrx_word' id='word_1_33' title='bbox 594 462 688 499; x_wconf 86' lang='lat' dir='ltr'><strong>Eius</strong></span> <span class='ocrx_word' id='word_1_34' title='bbox 720 461 862 509; x_wconf 77' lang='lat' dir='ltr'><strong>agendi</strong></span> <span class='ocrx_word' id='word_1_35' title='bbox 893 462 1101 507; x_wconf 77' lang='lat' dir='ltr'><strong>rationem,</strong></span> <span class='ocrx_word' id='word_1_36' title='bbox 1136 475 1221 510; x_wconf 87' lang='lat' dir='ltr'><strong>quae</strong></span> <span class='ocrx_word' id='word_1_37' title='bbox 1248 462 1424 500; x_wconf 87' lang='lat' dir='ltr'><strong>ciborum</strong></span> <span class='ocrx_word' id='word_1_38' title='bbox 1451 466 1626 511; x_wconf 83' lang='lat' dir='ltr'><strong>stragem</strong></span> 
     </span>
     <span class='ocr_line' id='line_1_5' title="bbox 133 529 1626 581; baseline 0 -13"><span class='ocrx_word' id='word_1_39' title='bbox 133 533 236 578; x_wconf 81' lang='lat' dir='ltr'><strong>facit,</strong></span> <span class='ocrx_word' id='word_1_40' title='bbox 269 546 356 569; x_wconf 87' lang='lat' dir='ltr'><strong>cum</strong></span> <span class='ocrx_word' id='word_1_41' title='bbox 387 532 492 569; x_wconf 84' lang='lat' dir='ltr'><strong>bello</strong></span> <span class='ocrx_word' id='word_1_42' title='bbox 525 533 737 580; x_wconf 83' lang='lat' dir='ltr'><strong>comparat.</strong></span> <span class='ocrx_word' id='word_1_43' title='bbox 808 529 1025 566; x_wconf 88' lang='lat' dir='ltr'><strong>Deficiente</strong></span> <span class='ocrx_word' id='word_1_44' title='bbox 1059 530 1260 579; x_wconf 85' lang='lat' dir='ltr'><strong>epularum</strong></span> <span class='ocrx_word' id='word_1_45' title='bbox 1293 532 1405 580; x_wconf 82' lang='lat' dir='ltr'><strong>copia</strong></span> <span class='ocrx_word' id='word_1_46' title='bbox 1438 536 1475 567; x_wconf 90' lang='lat' dir='ltr'><strong>et</strong></span> <span class='ocrx_word' id='word_1_47' title='bbox 1508 545 1626 581; x_wconf 82' lang='lat' dir='ltr'><strong>appa-</strong></span> 
     </span>
     <span class='ocr_line' id='line_1_6' title="bbox 133 596 1624 650; baseline 0 -12"><span class='ocrx_word' id='word_1_48' title='bbox 133 606 223 638; x_wconf 80' lang='lat' dir='ltr'><strong>ratu</strong></span> <span class='ocrx_word' id='word_1_49' title='bbox 255 599 473 639; x_wconf 61' lang='lat' dir='ltr'><strong>exercitum</strong></span> <span class='ocrx_word' id='word_1_50' title='bbox 503 596 722 636; x_wconf 67' lang='lat' dir='ltr'><strong>remissam</strong></span> <span class='ocrx_word' id='word_1_51' title='bbox 748 598 855 644; x_wconf 83' lang='lat' dir='ltr'><strong>dicit,</strong></span> <span class='ocrx_word' id='word_1_52' title='bbox 889 601 931 635; x_wconf 88' lang='lat' dir='ltr'><strong>ut</strong></span> <span class='ocrx_word' id='word_1_53' title='bbox 962 598 1071 634; x_wconf 83' lang='lat' dir='ltr'><strong>nulla</strong></span> <span class='ocrx_word' id='word_1_54' title='bbox 1103 599 1269 648; x_wconf 80' lang='lat' dir='ltr'><strong>amplius</strong></span> <span class='ocrx_word' id='word_1_55' title='bbox 1295 612 1355 635; x_wconf 86' lang='lat' dir='ltr'><strong>res</strong></span> <span class='ocrx_word' id='word_1_56' title='bbox 1380 603 1464 649; x_wconf 85' lang='lat' dir='ltr'><strong>geri</strong></span> <span class='ocrx_word' id='word_1_57' title='bbox 1488 602 1624 650; x_wconf 89' lang='lat' dir='ltr'><strong>possit.</strong></span> 
     </span>
     <span class='ocr_line' id='line_1_7' title="bbox 135 667 1627 717; baseline -0.001 -11"><span class='ocrx_word' id='word_1_58' title='bbox 135 667 262 717; x_wconf 78' lang='lat' dir='ltr'><strong>(Quod</strong></span> <span class='ocrx_word' id='word_1_59' title='bbox 289 670 407 706; x_wconf 82' lang='lat' dir='ltr'><strong>etiam</strong></span> <span class='ocrx_word' id='word_1_60' title='bbox 432 670 470 705; x_wconf 91' lang='lat' dir='ltr'><strong>in</strong></span> <span class='ocrx_word' id='word_1_61' title='bbox 497 668 731 705; x_wconf 85' lang='lat' dir='ltr'><strong>centuriatis</strong></span> <span class='ocrx_word' id='word_1_62' title='bbox 763 667 930 704; x_wconf 88' lang='lat' dir='ltr'><strong>comitiis</strong></span> <span class='ocrx_word' id='word_1_63' title='bbox 961 668 1156 703; x_wconf 85' lang='lat' dir='ltr'><strong>exercitus</strong></span> <span class='ocrx_word' id='word_1_64' title='bbox 1190 667 1374 716; x_wconf 82' lang='lat' dir='ltr'><strong>imperari</strong></span> <span class='ocrx_word' id='word_1_65' title='bbox 1406 672 1445 704; x_wconf 88' lang='lat' dir='ltr'><strong>et</strong></span> <span class='ocrx_word' id='word_1_66' title='bbox 1478 671 1627 707; x_wconf 93' lang='lat' dir='ltr'><strong>remitti</strong></span> 
     </span>
     <span class='ocr_line' id='line_1_8' title="bbox 133 732 1625 787; baseline 0.001 -13"><span class='ocrx_word' id='word_1_67' title='bbox 133 738 289 784; x_wconf 85' lang='lat' dir='ltr'><strong>dicitur,</strong></span> <span class='ocrx_word' id='word_1_68' title='bbox 322 738 397 774; x_wconf 83' lang='lat' dir='ltr'><strong>hue</strong></span> <span class='ocrx_word' id='word_1_69' title='bbox 431 751 507 775; x_wconf 90' lang='lat' dir='ltr'><strong>non</strong></span> <span class='ocrx_word' id='word_1_70' title='bbox 531 732 734 787; x_wconf 74' lang='lat' dir='ltr'>pertinet.)</span> <span class='ocrx_word' id='word_1_71' title='bbox 798 732 885 773; x_wconf 71' lang='lat' dir='ltr'><strong>(lixi</strong></span> <span class='ocrx_word' id='word_1_72' title='bbox 910 734 1048 773; x_wconf 82' lang='lat' dir='ltr'><strong>Lamb.</strong></span> <span class='ocrx_word' id='word_1_73' title='bbox 1076 749 1170 781; x_wconf 88' lang='lat' dir='ltr'><strong>em.;</strong></span> <span class='ocrx_word' id='word_1_74' title='bbox 1206 735 1263 773; x_wconf 82' lang='lat' dir='ltr'><strong>Fl.</strong></span> <span class='ocrx_word' id='word_1_75' title='bbox 1292 736 1354 773; x_wconf 92' lang='lat' dir='ltr'><strong>Br.</strong></span> <span class='ocrx_word' id='word_1_76' title='bbox 1385 737 1625 775; x_wconf 69' lang='lat' dir='ltr'>deteriorum</span> 
     </span>
     <span class='ocr_line' id='line_1_9' title="bbox 134 802 1625 855; baseline -0.001 -11"><span class='ocrx_word' id='word_1_77' title='bbox 134 806 244 844; x_wconf 84' lang='lat' dir='ltr'><strong>codd.</strong></span> <span class='ocrx_word' id='word_1_78' title='bbox 278 807 512 855; x_wconf 77' lang='lat' dir='ltr'><strong>scripturam</strong></span> <span class='ocrx_word' id='word_1_79' title='bbox 549 805 747 855; x_wconf 74' lang='lat' dir='ltr'><strong>praetulit:</strong></span> <span class='ocrx_word' id='word_1_80' title='bbox 799 802 963 850; x_wconf 72' lang='lat' dir='ltr'><strong>„dixti‘&#39;&#39;,</strong></span> <span class='ocrx_word' id='word_1_81' title='bbox 1005 818 1126 853; x_wconf 83' lang='lat' dir='ltr'><strong>eaque</strong></span> <span class='ocrx_word' id='word_1_82' title='bbox 1159 804 1207 841; x_wconf 90' lang='lat' dir='ltr'><strong>de</strong></span> <span class='ocrx_word' id='word_1_83' title='bbox 1240 818 1355 841; x_wconf 76' lang='lat' dir='ltr'><strong>causa</strong></span> <span class='ocrx_word' id='word_1_84' title='bbox 1386 806 1519 854; x_wconf 83' lang='lat' dir='ltr'><strong>priora</strong></span> <span class='ocrx_word' id='word_1_85' title='bbox 1551 807 1625 843; x_wconf 82' lang='lat' dir='ltr'><strong>He-</strong></span> 
     </span>
     <span class='ocr_line' id='line_1_10' title="bbox 132 869 1627 924; baseline 0 -13"><span class='ocrx_word' id='word_1_86' title='bbox 132 876 259 924; x_wconf 86' lang='lat' dir='ltr'><strong>gionis</strong></span> <span class='ocrx_word' id='word_1_87' title='bbox 290 874 429 911; x_wconf 86' lang='lat' dir='ltr'><strong>verba:</strong></span> <span class='ocrx_word' id='word_1_88' title='bbox 467 873 591 921; x_wconf 83' lang='lat' dir='ltr'><strong>„Huic</strong></span> <span class='ocrx_word' id='word_1_89' title='bbox 722 869 940 909; x_wconf 80' lang='lat' dir='ltr'><strong>exercitus“</strong></span> <span class='ocrx_word' id='word_1_90' title='bbox 976 874 1149 921; x_wconf 85' lang='lat' dir='ltr'><strong>parasito</strong></span> <span class='ocrx_word' id='word_1_91' title='bbox 1182 872 1416 919; x_wconf 81' lang='lat' dir='ltr'><strong>tribuerunt,</strong></span> <span class='ocrx_word' id='word_1_92' title='bbox 1451 874 1556 923; x_wconf 84' lang='lat' dir='ltr'><strong>quod</strong></span> <span class='ocrx_word' id='word_1_93' title='bbox 1589 879 1627 911; x_wconf 83' lang='lat' dir='ltr'><strong>et</strong></span> 
     </span>
     <span class='ocr_line' id='line_1_11' title="bbox 131 941 1625 991; baseline -0.001 -10"><span class='ocrx_word' id='word_1_94' title='bbox 131 947 267 981; x_wconf 82' lang='lat' dir='ltr'><strong>contra</strong></span> <span class='ocrx_word' id='word_1_95' title='bbox 299 943 409 980; x_wconf 84' lang='lat' dir='ltr'><strong>codd.</strong></span> <span class='ocrx_word' id='word_1_96' title='bbox 443 957 512 979; x_wconf 87' lang='lat' dir='ltr'><strong>nec</strong></span> <span class='ocrx_word' id='word_1_97' title='bbox 543 946 650 979; x_wconf 81' lang='lat' dir='ltr'><strong>recte</strong></span> <span class='ocrx_word' id='word_1_98' title='bbox 681 941 748 988; x_wconf 72' lang='lat' dir='ltr'><strong>fit,</strong></span> <span class='ocrx_word' id='word_1_99' title='bbox 795 955 883 978; x_wconf 77' lang='lat' dir='ltr'><strong>nam</strong></span> <span class='ocrx_word' id='word_1_100' title='bbox 923 942 1091 991; x_wconf 81' lang='lat' dir='ltr'><strong>parasiti</strong></span> <span class='ocrx_word' id='word_1_101' title='bbox 1128 941 1319 978; x_wconf 84' lang='lat' dir='ltr'><strong>illudendi</strong></span> <span class='ocrx_word' id='word_1_102' title='bbox 1359 943 1515 978; x_wconf 80' lang='lat' dir='ltr'><strong>initium</strong></span> <span class='ocrx_word' id='word_1_103' title='bbox 1547 956 1625 979; x_wconf 88' lang='lat' dir='ltr'><strong>non</strong></span> 
     </span>
     <span class='ocr_line' id='line_1_12' title="bbox 130 1008 1622 1062; baseline -0.001 -13"><span class='ocrx_word' id='word_1_104' title='bbox 130 1011 177 1049; x_wconf 81' lang='lat' dir='ltr'><strong>ab</strong></span> <span class='ocrx_word' id='word_1_105' title='bbox 208 1013 313 1062; x_wconf 84' lang='lat' dir='ltr'><strong>ipso,</strong></span> <span class='ocrx_word' id='word_1_106' title='bbox 347 1011 414 1049; x_wconf 86' lang='lat' dir='ltr'><strong>scd</strong></span> <span class='ocrx_word' id='word_1_107' title='bbox 446 1011 494 1049; x_wconf 88' lang='lat' dir='ltr'><strong>ab</strong></span> <span class='ocrx_word' id='word_1_108' title='bbox 527 1011 701 1060; x_wconf 77' lang='lat' dir='ltr'><strong>Hegione</strong></span> <span class='ocrx_word' id='word_1_109' title='bbox 732 1009 817 1046; x_wconf 80' lang='lat' dir='ltr'><strong>fieri</strong></span> <span class='ocrx_word' id='word_1_110' title='bbox 849 1010 977 1048; x_wconf 87' lang='lat' dir='ltr'><strong>debet.</strong></span> <span class='ocrx_word' id='word_1_111' title='bbox 1009 1031 1064 1035; x_wconf 89' lang='lat'><strong>-—</strong></span> <span class='ocrx_word' id='word_1_112' title='bbox 1107 1009 1183 1047; x_wconf 82' lang='lat'><strong>156</strong></span> <span class='ocrx_word' id='word_1_113' title='bbox 1217 1023 1274 1060; x_wconf 79' lang='lat' dir='ltr'><strong>sq.</strong></span> <span class='ocrx_word' id='word_1_114' title='bbox 1312 1009 1351 1047; x_wconf 85' lang='lat' dir='ltr'><strong>Si</strong></span> <span class='ocrx_word' id='word_1_115' title='bbox 1383 1008 1493 1059; x_wconf 73' lang='lat' dir='ltr'><strong>quod</strong></span> <span class='ocrx_word' id='word_1_116' title='bbox 1523 1008 1622 1048; x_wconf 73' lang='lat' dir='ltr'><strong>Obti-</strong></span> 
     </span>
     <span class='ocr_line' id='line_1_13' title="bbox 126 1079 1624 1131; baseline 0 -13"><span class='ocrx_word' id='word_1_117' title='bbox 126 1081 246 1131; x_wconf 68' lang='lat'><strong>969&#39;6115</strong></span> <span class='ocrx_word' id='word_1_118' title='bbox 276 1080 324 1117; x_wconf 78' lang='lat' dir='ltr'><strong>ab</strong></span> <span class='ocrx_word' id='word_1_119' title='bbox 355 1081 470 1117; x_wconf 90' lang='lat' dir='ltr'><strong>initio</strong></span> <span class='ocrx_word' id='word_1_120' title='bbox 502 1081 692 1130; x_wconf 88' lang='lat' dir='ltr'><strong>scriptum</strong></span> <span class='ocrx_word' id='word_1_121' title='bbox 723 1080 816 1125; x_wconf 85' lang='lat' dir='ltr'><strong>fuit,</strong></span> <span class='ocrx_word' id='word_1_122' title='bbox 857 1079 928 1116; x_wconf 91' lang='lat' dir='ltr'><strong>hoc</strong></span> <span class='ocrx_word' id='word_1_123' title='bbox 959 1079 1152 1126; x_wconf 74' lang='lat' dir='ltr'>glossema</span> <span class='ocrx_word' id='word_1_124' title='bbox 1185 1080 1236 1116; x_wconf 88' lang='lat' dir='ltr'><strong>sit</strong></span> <span class='ocrx_word' id='word_1_125' title='bbox 1267 1092 1423 1116; x_wconf 84' lang='lat' dir='ltr'><strong>necesse</strong></span> <span class='ocrx_word' id='word_1_126' title='bbox 1456 1083 1533 1127; x_wconf 89' lang='lat' dir='ltr'><strong>est,</strong></span> <span class='ocrx_word' id='word_1_127' title='bbox 1581 1094 1624 1118; x_wconf 86' lang='lat' dir='ltr'><strong>ac</strong></span> 
     </span>
     <span class='ocr_line' id='line_1_14' title="bbox 129 1134 1623 1199; baseline 0 -13"><span class='ocrx_word' id='word_1_128' title='bbox 129 1149 254 1186; x_wconf 84' lang='lat' dir='ltr'><strong>delevi</strong></span> <span class='ocrx_word' id='word_1_129' title='bbox 293 1150 332 1186; x_wconf 86' lang='lat' dir='ltr'><strong>in</strong></span> <span class='ocrx_word' id='word_1_130' title='bbox 373 1150 504 1199; x_wconf 84' lang='lat' dir='ltr'><strong>priore</strong></span> <span class='ocrx_word' id='word_1_131' title='bbox 544 1149 737 1194; x_wconf 81' lang='lat' dir='ltr'><strong>editione,</strong></span> <span class='ocrx_word' id='word_1_132' title='bbox 785 1149 824 1184; x_wconf 90' lang='lat' dir='ltr'><strong>in</strong></span> <span class='ocrx_word' id='word_1_133' title='bbox 871 1134 996 1185; x_wconf 77' lang='lat' dir='ltr'><strong>altero</strong></span> <span class='ocrx_word' id='word_1_134' title='bbox 1043 1161 1158 1185; x_wconf 86' lang='lat' dir='ltr'><strong>versu</strong></span> <span class='ocrx_word' id='word_1_135' title='bbox 1203 1147 1507 1198; x_wconf 72' lang='lat' dir='ltr'><strong>„posteaquam“</strong></span> <span class='ocrx_word' id='word_1_136' title='bbox 1551 1163 1623 1199; x_wconf 89' lang='lat' dir='ltr'><strong>pro</strong></span> 
     </span>
     <span class='ocr_line' id='line_1_15' title="bbox 127 1216 1621 1267; baseline 0 -13"><span class='ocrx_word' id='word_1_137' title='bbox 127 1223 338 1267; x_wconf 76' lang='lat' dir='ltr'>postquam</span> <span class='ocrx_word' id='word_1_138' title='bbox 378 1217 573 1263; x_wconf 80' lang='lat' dir='ltr'><strong>scribens3</strong></span> <span class='ocrx_word' id='word_1_139' title='bbox 620 1217 802 1266; x_wconf 83' lang='lat' dir='ltr'><strong>idemque</strong></span> <span class='ocrx_word' id='word_1_140' title='bbox 841 1218 916 1253; x_wconf 86' lang='lat' dir='ltr'><strong>iam</strong></span> <span class='ocrx_word' id='word_1_141' title='bbox 957 1216 1125 1264; x_wconf 86' lang='lat' dir='ltr'><strong>Pylades</strong></span> <span class='ocrx_word' id='word_1_142' title='bbox 1170 1217 1329 1254; x_wconf 81' lang='lat' dir='ltr'><strong>fecerat.</strong></span> <span class='ocrx_word' id='word_1_143' title='bbox 1406 1216 1621 1255; x_wconf 82' lang='lat' dir='ltr'><strong>Lambinus</strong></span> 
     </span>
     <span class='ocr_line' id='line_1_16' title="bbox 126 1283 1621 1337; baseline 0.001 -15"><span class='ocrx_word' id='word_1_144' title='bbox 126 1299 200 1336; x_wconf 87' lang='lat' dir='ltr'><strong>pro</strong></span> <span class='ocrx_word' id='word_1_145' title='bbox 225 1283 335 1336; x_wconf 75' lang='lat' dir='ltr'><strong>quod</strong></span> <span class='ocrx_word' id='word_1_146' title='bbox 357 1289 516 1337; x_wconf 77' lang='lat' dir='ltr'><strong>scripsit</strong></span> <span class='ocrx_word' id='word_1_147' title='bbox 541 1283 647 1336; x_wconf 73' lang='lat' dir='ltr'><strong>quoi,</strong></span> <span class='ocrx_word' id='word_1_148' title='bbox 681 1287 795 1335; x_wconf 82' lang='lat' dir='ltr'><strong>quasi</strong></span> <span class='ocrx_word' id='word_1_149' title='bbox 831 1289 898 1332; x_wconf 87' lang='lat' dir='ltr'><strong>„ut</strong></span> <span class='ocrx_word' id='word_1_150' title='bbox 923 1284 1111 1335; x_wconf 75' lang='lat' dir='ltr'><strong>cuique“;</strong></span> <span class='ocrx_word' id='word_1_151' title='bbox 1148 1298 1320 1333; x_wconf 88' lang='lat' dir='ltr'><strong>„omnes‚</strong></span> <span class='ocrx_word' id='word_1_152' title='bbox 1354 1299 1423 1323; x_wconf 91' lang='lat' dir='ltr'><strong>suo</strong></span> <span class='ocrx_word' id='word_1_153' title='bbox 1457 1287 1621 1336; x_wconf 89' lang='lat' dir='ltr'><strong>quisque</strong></span> 
     </span>
     <span class='ocr_line' id='line_1_17' title="bbox 126 1352 1620 1405; baseline 0.001 -13"><span class='ocrx_word' id='word_1_154' title='bbox 126 1355 230 1402; x_wconf 92' lang='lat' dir='ltr'><strong>loco,</strong></span> <span class='ocrx_word' id='word_1_155' title='bbox 278 1357 339 1392; x_wconf 91' lang='lat' dir='ltr'><strong>cui</strong></span> <span class='ocrx_word' id='word_1_156' title='bbox 370 1356 576 1405; x_wconf 85' lang='lat' dir='ltr'><strong>provincia</strong></span> <span class='ocrx_word' id='word_1_157' title='bbox 615 1352 869 1402; x_wconf 81' lang='lat' dir='ltr'><strong>obtigisset“;</strong></span> <span class='ocrx_word' id='word_1_158' title='bbox 917 1353 1023 1404; x_wconf 89' lang='lat' dir='ltr'><strong>quod</strong></span> <span class='ocrx_word' id='word_1_159' title='bbox 1064 1355 1244 1403; x_wconf 87' lang='lat' dir='ltr'><strong>quamvis</strong></span> <span class='ocrx_word' id='word_1_160' title='bbox 1275 1355 1455 1405; x_wconf 83' lang='lat' dir='ltr'><strong>plerique</strong></span> <span class='ocrx_word' id='word_1_161' title='bbox 1488 1355 1620 1393; x_wconf 87' lang='lat' dir='ltr'><strong>defen-</strong></span> 
     </span>
     <span class='ocr_line' id='line_1_18' title="bbox 127 1420 1619 1473; baseline 0.001 -13"><span class='ocrx_word' id='word_1_162' title='bbox 127 1423 234 1470; x_wconf 84' lang='lat' dir='ltr'><strong>dant,</strong></span> <span class='ocrx_word' id='word_1_163' title='bbox 267 1427 399 1460; x_wconf 88' lang='lat' dir='ltr'><strong>tamen</strong></span> <span class='ocrx_word' id='word_1_164' title='bbox 431 1424 573 1461; x_wconf 86' lang='lat' dir='ltr'><strong>Latine</strong></span> <span class='ocrx_word' id='word_1_165' title='bbox 605 1424 673 1461; x_wconf 85' lang='lat' dir='ltr'><strong>vix</strong></span> <span class='ocrx_word' id='word_1_166' title='bbox 704 1423 780 1460; x_wconf 89' lang='lat' dir='ltr'><strong>dici</strong></span> <span class='ocrx_word' id='word_1_167' title='bbox 812 1427 956 1472; x_wconf 84' lang='lat' dir='ltr'><strong>potest.</strong></span> <span class='ocrx_word' id='word_1_168' title='bbox 1018 1423 1140 1460; x_wconf 87' lang='lat' dir='ltr'><strong>Immo</strong></span> <span class='ocrx_word' id='word_1_169' title='bbox 1172 1424 1203 1459; x_wconf 89' lang='lat' dir='ltr'><strong>si</strong></span> <span class='ocrx_word' id='word_1_170' title='bbox 1243 1420 1340 1473; x_wconf 69' lang='lat' dir='ltr'><strong>quoi</strong></span> <span class='ocrx_word' id='word_1_171' title='bbox 1381 1437 1516 1461; x_wconf 89' lang='lat' dir='ltr'><strong>verum</strong></span> <span class='ocrx_word' id='word_1_172' title='bbox 1548 1429 1619 1471; x_wconf 87' lang='lat' dir='ltr'><strong>est,</strong></span> 
     </span>
     <span class='ocr_line' id='line_1_19' title="bbox 125 1492 1619 1542; baseline 0.001 -13"><span class='ocrx_word' id='word_1_173' title='bbox 125 1493 345 1530; x_wconf 83' lang='lat' dir='ltr'><strong>necessario</strong></span> <span class='ocrx_word' id='word_1_174' title='bbox 401 1492 672 1542; x_wconf 86' lang='lat' dir='ltr'><strong>amplectenda</strong></span> <span class='ocrx_word' id='word_1_175' title='bbox 726 1496 785 1529; x_wconf 89' lang='lat' dir='ltr'><strong>est</strong></span> <span class='ocrx_word' id='word_1_176' title='bbox 832 1492 956 1528; x_wconf 77' lang='lat' dir='ltr'><strong>Brixii</strong></span> <span class='ocrx_word' id='word_1_177' title='bbox 1002 1493 1104 1528; x_wconf 85' lang='lat' dir='ltr'><strong>ratio</strong></span> <span class='ocrx_word' id='word_1_178' title='bbox 1148 1493 1391 1541; x_wconf 85' lang='lat' dir='ltr'><strong>posteriores</strong></span> <span class='ocrx_word' id='word_1_179' title='bbox 1436 1506 1619 1531; x_wconf 86' lang='lat' dir='ltr'><strong>versuum</strong></span> 
     </span>
     <span class='ocr_line' id='line_1_20' title="bbox 124 1560 1618 1611; baseline 0.001 -14"><span class='ocrx_word' id='word_1_180' title='bbox 124 1564 258 1611; x_wconf 83' lang='lat' dir='ltr'><strong>partes</strong></span> <span class='ocrx_word' id='word_1_181' title='bbox 283 1563 565 1611; x_wconf 83' lang='lat' dir='ltr'><strong>permutantis3</strong></span> <span class='ocrx_word' id='word_1_182' title='bbox 598 1561 639 1597; x_wconf 88' lang='lat' dir='ltr'><strong>id</strong></span> <span class='ocrx_word' id='word_1_183' title='bbox 664 1561 768 1610; x_wconf 86' lang='lat' dir='ltr'><strong>quod</strong></span> <span class='ocrx_word' id='word_1_184' title='bbox 801 1562 876 1597; x_wconf 78' lang='lat' dir='ltr'><strong>iam</strong></span> <span class='ocrx_word' id='word_1_185' title='bbox 908 1560 1043 1609; x_wconf 86' lang='lat' dir='ltr'><strong>probo,</strong></span> <span class='ocrx_word' id='word_1_186' title='bbox 1077 1561 1171 1610; x_wconf 90' lang='lat' dir='ltr'><strong>quia</strong></span> <span class='ocrx_word' id='word_1_187' title='bbox 1202 1562 1389 1609; x_wconf 86' lang='lat' dir='ltr'><strong>repetitio</strong></span> <span class='ocrx_word' id='word_1_188' title='bbox 1424 1562 1618 1610; x_wconf 78' lang='lat' dir='ltr'><strong>„fugitare</strong></span> 
     </span>
     <span class='ocr_line' id='line_1_21' title="bbox 124 1627 1619 1680; baseline 0.001 -14"><span class='ocrx_word' id='word_1_189' title='bbox 124 1629 223 1667; x_wconf 86' lang='lat' dir='ltr'><strong>hanc</strong></span> <span class='ocrx_word' id='word_1_190' title='bbox 254 1627 518 1679; x_wconf 82' lang='lat' dir='ltr'><strong>provinciam“</strong></span> <span class='ocrx_word' id='word_1_191' title='bbox 561 1631 687 1666; x_wconf 86' lang='lat' dir='ltr'><strong>minus</strong></span> <span class='ocrx_word' id='word_1_192' title='bbox 727 1627 910 1675; x_wconf 87' lang='lat' dir='ltr'><strong>offendit,</strong></span> <span class='ocrx_word' id='word_1_193' title='bbox 959 1630 989 1665; x_wconf 85' lang='lat' dir='ltr'><strong>si</strong></span> <span class='ocrx_word' id='word_1_194' title='bbox 1029 1629 1160 1666; x_wconf 83' lang='lat' dir='ltr'><strong>statim</strong></span> <span class='ocrx_word' id='word_1_195' title='bbox 1193 1630 1390 1678; x_wconf 86' lang='lat' dir='ltr'><strong>sequitur,</strong></span> <span class='ocrx_word' id='word_1_196' title='bbox 1439 1644 1554 1680; x_wconf 86' lang='lat' dir='ltr'><strong>quam</strong></span> <span class='ocrx_word' id='word_1_197' title='bbox 1587 1632 1619 1668; x_wconf 93' lang='lat' dir='ltr'><strong>si</strong></span> 
     </span>
     <span class='ocr_line' id='line_1_22' title="bbox 124 1696 1617 1748; baseline 0.001 -14"><span class='ocrx_word' id='word_1_198' title='bbox 124 1711 258 1735; x_wconf 87' lang='lat' dir='ltr'><strong>versus</strong></span> <span class='ocrx_word' id='word_1_199' title='bbox 290 1698 514 1736; x_wconf 79' lang='lat' dir='ltr'><strong>intercedit.</strong></span> <span class='ocrx_word' id='word_1_200' title='bbox 572 1696 721 1746; x_wconf 80' lang='lat' dir='ltr'><strong>„Quoi“</strong></span> <span class='ocrx_word' id='word_1_201' title='bbox 751 1702 881 1735; x_wconf 78' lang='lat' dir='ltr'><strong>autem</strong></span> <span class='ocrx_word' id='word_1_202' title='bbox 914 1711 999 1734; x_wconf 88' lang='lat' dir='ltr'><strong>cum</strong></span> <span class='ocrx_word' id='word_1_203' title='bbox 1030 1699 1210 1748; x_wconf 84' lang='lat' dir='ltr'><strong>proxima</strong></span> <span class='ocrx_word' id='word_1_204' title='bbox 1241 1698 1391 1748; x_wconf 76' lang='lat' dir='ltr'><strong>syllaba</strong></span> <span class='ocrx_word' id='word_1_205' title='bbox 1422 1699 1617 1746; x_wconf 81' lang='lat' dir='ltr'><strong>coalescit,</strong></span> 
     </span>
     <span class='ocr_line' id='line_1_23' title="bbox 124 1766 1616 1817; baseline 0.001 -13"><span class='ocrx_word' id='word_1_206' title='bbox 124 1767 171 1804; x_wconf 89' lang='lat' dir='ltr'><strong>cf.</strong></span> <span class='ocrx_word' id='word_1_207' title='bbox 202 1767 291 1804; x_wconf 89' lang='lat' dir='ltr'><strong>Aul.</strong></span> <span class='ocrx_word' id='word_1_208' title='bbox 326 1769 389 1813; x_wconf 81' lang='lat'><strong>75,</strong></span> <span class='ocrx_word' id='word_1_209' title='bbox 424 1770 461 1803; x_wconf 88' lang='lat' dir='ltr'><strong>et</strong></span> <span class='ocrx_word' id='word_1_210' title='bbox 492 1780 629 1804; x_wconf 84' lang='lat' dir='ltr'><strong>versus</strong></span> <span class='ocrx_word' id='word_1_211' title='bbox 662 1780 684 1803; x_wconf 88' lang='lat' dir='ltr'><strong>a</strong></span> <span class='ocrx_word' id='word_1_212' title='bbox 716 1766 866 1804; x_wconf 83' lang='lat' dir='ltr'><strong>duobus</strong></span> <span class='ocrx_word' id='word_1_213' title='bbox 900 1767 1067 1815; x_wconf 83' lang='lat' dir='ltr'><strong>dactylis</strong></span> <span class='ocrx_word' id='word_1_214' title='bbox 1099 1767 1250 1816; x_wconf 87' lang='lat' dir='ltr'><strong>incipit.</strong></span> <span class='ocrx_word' id='word_1_215' title='bbox 1287 1785 1335 1791; x_wconf 90' lang='grc'>-</span> <span class='ocrx_word' id='word_1_216' title='bbox 1374 1769 1463 1805; x_wconf 73' lang='lat'>158.</span> <span class='ocrx_word' id='word_1_217' title='bbox 1504 1766 1616 1817; x_wconf 59' lang='lat' dir='ltr'><strong><em>fuffl&#39;·</em></strong></span> 
     </span>
     <span class='ocr_line' id='line_1_24' title="bbox 124 1832 1616 1886; baseline 0.001 -13"><span class='ocrx_word' id='word_1_218' title='bbox 124 1835 210 1873; x_wconf 77' lang='grc' dir='ltr'><strong>ΐανθ</strong></span> <span class='ocrx_word' id='word_1_219' title='bbox 240 1849 291 1873; x_wconf 80' lang='lat' dir='ltr'><strong>se.</strong></span> <span class='ocrx_word' id='word_1_220' title='bbox 326 1849 404 1884; x_wconf 85' lang='lat' dir='ltr'><strong>eos,</strong></span> <span class='ocrx_word' id='word_1_221' title='bbox 445 1850 491 1872; x_wconf 82' lang='lat' dir='ltr'><strong>ne</strong></span> <span class='ocrx_word' id='word_1_222' title='bbox 525 1849 608 1873; x_wconf 90' lang='lat' dir='ltr'><strong>cum</strong></span> <span class='ocrx_word' id='word_1_223' title='bbox 643 1834 769 1886; x_wconf 86' lang='lat' dir='ltr'><strong>Gepp.</strong></span> <span class='ocrx_word' id='word_1_224' title='bbox 808 1832 1021 1884; x_wconf 78' lang='lat' dir='ltr'><strong>„fugitari“</strong></span> <span class='ocrx_word' id='word_1_225' title='bbox 1058 1835 1216 1872; x_wconf 86' lang='lat' dir='ltr'><strong>scribas.</strong></span> <span class='ocrx_word' id='word_1_226' title='bbox 1248 1855 1304 1859; x_wconf 88' lang='grc'><strong>--</strong></span> <span class='ocrx_word' id='word_1_227' title='bbox 1346 1836 1435 1874; x_wconf 86' lang='grc'>159.</span> <span class='ocrx_word' id='word_1_228' title='bbox 1476 1833 1616 1874; x_wconf 68' lang='lat' dir='ltr'><strong>multi-</strong></span> 
     </span>
     <span class='ocr_line' id='line_1_25' title="bbox 121 1900 1616 1954; baseline 0 -12"><span class='ocrx_word' id='word_1_229' title='bbox 121 1900 354 1953; x_wconf 61' lang='lat' dir='ltr'><strong>961269·27l)u.5,</strong></span> <span class='ocrx_word' id='word_1_230' title='bbox 389 1905 436 1943; x_wconf 88' lang='lat' dir='ltr'><strong>cf.</strong></span> <span class='ocrx_word' id='word_1_231' title='bbox 453 1904 573 1942; x_wconf 87' lang='lat' dir='ltr'><strong>Stich.</strong></span> <span class='ocrx_word' id='word_1_232' title='bbox 596 1906 695 1941; x_wconf 71' lang='lat'>384:</span> <span class='ocrx_word' id='word_1_233' title='bbox 733 1908 956 1954; x_wconf 71' lang='lat' dir='ltr'><strong>„unguenta</strong></span> <span class='ocrx_word' id='word_1_234' title='bbox 987 1904 1245 1954; x_wconf 85' lang='lat' dir='ltr'><strong>multigenera</strong></span> <span class='ocrx_word' id='word_1_235' title='bbox 1269 1902 1432 1941; x_wconf 85' lang='lat' dir='ltr'><strong>multa“.</strong></span> <span class='ocrx_word' id='word_1_236' title='bbox 1480 1906 1616 1942; x_wconf 73' lang='lat' dir='ltr'><strong>Manet</strong></span> 
     </span>
     <span class='ocr_line' id='line_1_26' title="bbox 121 1973 1614 2023; baseline 0.001 -14"><span class='ocrx_word' id='word_1_237' title='bbox 121 1974 163 2010; x_wconf 89' lang='lat' dir='ltr'><strong>in</strong></span> <span class='ocrx_word' id='word_1_238' title='bbox 193 1973 454 2010; x_wconf 78' lang='lat' dir='ltr'><strong>similitudine</strong></span> <span class='ocrx_word' id='word_1_239' title='bbox 478 1974 684 2020; x_wconf 79' lang='lat' dir='ltr'><strong>exercitus,</strong></span> <span class='ocrx_word' id='word_1_240' title='bbox 719 1975 930 2023; x_wconf 85' lang='lat' dir='ltr'><strong>copiasque</strong></span> <span class='ocrx_word' id='word_1_241' title='bbox 956 1986 1202 2020; x_wconf 85' lang='lat' dir='ltr'><strong>enumerans,</strong></span> <span class='ocrx_word' id='word_1_242' title='bbox 1236 1973 1378 2023; x_wconf 89' lang='lat' dir='ltr'><strong>quibus</strong></span> <span class='ocrx_word' id='word_1_243' title='bbox 1411 1973 1459 2010; x_wconf 81' lang='lat' dir='ltr'><strong>ad</strong></span> <span class='ocrx_word' id='word_1_244' title='bbox 1484 1986 1614 2011; x_wconf 83' lang='lat' dir='ltr'><strong>cenam</strong></span> 
     </span>
     <span class='ocr_line' id='line_1_27' title="bbox 122 2042 1616 2092; baseline 0.001 -14"><span class='ocrx_word' id='word_1_245' title='bbox 122 2054 221 2091; x_wconf 90' lang='lat' dir='ltr'><strong>opus</strong></span> <span class='ocrx_word' id='word_1_246' title='bbox 253 2042 321 2088; x_wconf 90' lang='lat' dir='ltr'><strong>sit,</strong></span> <span class='ocrx_word' id='word_1_247' title='bbox 368 2043 526 2079; x_wconf 89' lang='lat' dir='ltr'><strong>nomina</strong></span> <span class='ocrx_word' id='word_1_248' title='bbox 566 2043 612 2079; x_wconf 81' lang='lat' dir='ltr'><strong>iis</strong></span> <span class='ocrx_word' id='word_1_249' title='bbox 646 2043 815 2092; x_wconf 86' lang='lat' dir='ltr'><strong>imponit</strong></span> <span class='ocrx_word' id='word_1_250' title='bbox 847 2044 958 2091; x_wconf 85' lang='lat' dir='ltr'><strong>quasi</strong></span> <span class='ocrx_word' id='word_1_251' title='bbox 988 2042 1182 2079; x_wconf 87' lang='lat' dir='ltr'><strong>militibus</strong></span> <span class='ocrx_word' id='word_1_252' title='bbox 1215 2056 1261 2079; x_wconf 85' lang='lat' dir='ltr'><strong>ex</strong></span> <span class='ocrx_word' id='word_1_253' title='bbox 1292 2055 1362 2080; x_wconf 87' lang='lat' dir='ltr'><strong>suo</strong></span> <span class='ocrx_word' id='word_1_254' title='bbox 1395 2042 1616 2092; x_wconf 83' lang='lat' dir='ltr'><strong>quibusque</strong></span> 
     </span>
     <span class='ocr_line' id='line_1_28' title="bbox 123 2110 1617 2160; baseline 0.001 -13"><span class='ocrx_word' id='word_1_255' title='bbox 123 2110 268 2160; x_wconf 91' lang='lat' dir='ltr'><strong>oppido</strong></span> <span class='ocrx_word' id='word_1_256' title='bbox 298 2111 496 2160; x_wconf 83' lang='lat' dir='ltr'><strong>profectis.</strong></span> <span class='ocrx_word' id='word_1_257' title='bbox 572 2111 658 2148; x_wconf 85' lang='lat' dir='ltr'><strong>Non</strong></span> <span class='ocrx_word' id='word_1_258' title='bbox 696 2111 862 2160; x_wconf 87' lang='lat' dir='ltr'><strong>pistores</strong></span> <span class='ocrx_word' id='word_1_259' title='bbox 901 2114 969 2148; x_wconf 85' lang='lat' dir='ltr'><strong>aut</strong></span> <span class='ocrx_word' id='word_1_260' title='bbox 1006 2112 1200 2160; x_wconf 85' lang='lat' dir='ltr'><strong>pistorum</strong></span> <span class='ocrx_word' id='word_1_261' title='bbox 1242 2123 1362 2160; x_wconf 84' lang='lat' dir='ltr'><strong>opera</strong></span> <span class='ocrx_word' id='word_1_262' title='bbox 1394 2111 1506 2158; x_wconf 83' lang='lat' dir='ltr'><strong>(licit,</strong></span> <span class='ocrx_word' id='word_1_263' title='bbox 1550 2112 1617 2148; x_wconf 84' lang='lat' dir='ltr'><strong>sed</strong></span> 
     </span>
     <span class='ocr_line' id='line_1_29' title="bbox 124 2175 1616 2229; baseline 0.001 -13"><span class='ocrx_word' id='word_1_264' title='bbox 124 2175 408 2226; x_wconf 73' lang='lat' dir='ltr'><strong>Pistorenses,</strong></span> <span class='ocrx_word' id='word_1_265' title='bbox 457 2193 534 2229; x_wconf 88' lang='lat' dir='ltr'><strong>quo</strong></span> <span class='ocrx_word' id='word_1_266' title='bbox 576 2179 826 2217; x_wconf 82' lang='lat' dir='ltr'><strong>audientibus</strong></span> <span class='ocrx_word' id='word_1_267' title='bbox 857 2182 899 2217; x_wconf 90' lang='lat' dir='ltr'><strong>in</strong></span> <span class='ocrx_word' id='word_1_268' title='bbox 929 2183 1099 2217; x_wconf 85' lang='lat' dir='ltr'><strong>mentem</strong></span> <span class='ocrx_word' id='word_1_269' title='bbox 1131 2181 1284 2217; x_wconf 87' lang='lat' dir='ltr'><strong>veniret</strong></span> <span class='ocrx_word' id='word_1_270' title='bbox 1315 2180 1616 2217; x_wconf 82' lang='lat' dir='ltr'><strong>Pistoriensium</strong></span> 
     </span>
     <span class='ocr_line' id='line_1_30' title="bbox 121 2247 1617 2298; baseline 0 -13"><span class='ocrx_word' id='word_1_271' title='bbox 121 2247 395 2286; x_wconf 85' lang='lat' dir='ltr'><strong>Etruscorum.</strong></span> <span class='ocrx_word' id='word_1_272' title='bbox 444 2248 637 2286; x_wconf 84' lang='lat' dir='ltr'><strong>Pistorum</strong></span> <span class='ocrx_word' id='word_1_273' title='bbox 663 2251 773 2286; x_wconf 85' lang='lat' dir='ltr'><strong>varia</strong></span> <span class='ocrx_word' id='word_1_274' title='bbox 803 2262 947 2298; x_wconf 86' lang='lat' dir='ltr'><strong>genere</strong></span> <span class='ocrx_word' id='word_1_275' title='bbox 979 2252 1016 2285; x_wconf 89' lang='lat' dir='ltr'><strong>et</strong></span> <span class='ocrx_word' id='word_1_276' title='bbox 1047 2251 1208 2287; x_wconf 87' lang='lat' dir='ltr'><strong>nomina</strong></span> <span class='ocrx_word' id='word_1_277' title='bbox 1232 2262 1279 2286; x_wconf 83' lang='lat' dir='ltr'><strong>ex</strong></span> <span class='ocrx_word' id='word_1_278' title='bbox 1304 2250 1433 2287; x_wconf 89' lang='lat' dir='ltr'><strong>titulis</strong></span> <span class='ocrx_word' id='word_1_279' title='bbox 1459 2249 1617 2296; x_wconf 83' lang='lat' dir='ltr'><strong>collegit</strong></span> 
     </span>
     <span class='ocr_line' id='line_1_31' title="bbox 115 2316 1616 2368; baseline -0.001 -14"><span class='ocrx_word' id='word_1_280' title='bbox 115 2316 369 2366; x_wconf 69' lang='lat' dir='ltr'><strong>vMarquardt,</strong></span> <span class='ocrx_word' id='word_1_281' title='bbox 403 2317 802 2354; x_wconf 79' lang='lat' dir='ltr'><strong>Privatalterthfimer</strong></span> <span class='ocrx_word' id='word_1_282' title='bbox 832 2318 881 2364; x_wconf 94' lang='lat' dir='ltr'><strong>II,</strong></span> <span class='ocrx_word' id='word_1_283' title='bbox 913 2331 950 2368; x_wconf 93' lang='lat' dir='ltr'><strong>p.</strong></span> <span class='ocrx_word' id='word_1_284' title='bbox 987 2319 1057 2366; x_wconf 78' lang='lat'><strong>293</strong></span> <span class='ocrx_word' id='word_1_285' title='bbox 1105 2331 1238 2355; x_wconf 90' lang='lat' dir='ltr'><strong>eorum</strong></span> <span class='ocrx_word' id='word_1_286' title='bbox 1270 2318 1332 2355; x_wconf 83' lang='lat' dir='ltr'><strong>hic</strong></span> <span class='ocrx_word' id='word_1_287' title='bbox 1365 2318 1441 2354; x_wconf 85' lang='lat' dir='ltr'><strong>duo</strong></span> <span class='ocrx_word' id='word_1_288' title='bbox 1473 2330 1616 2365; x_wconf 81' lang='lat' dir='ltr'><strong>genera</strong></span> 
     </span>
     <span class='ocr_line' id='line_1_32' title="bbox 122 2386 1614 2436; baseline 0 -14"><span class='ocrx_word' id='word_1_289' title='bbox 122 2389 494 2432; x_wconf 79' lang='lat' dir='ltr'><strong>commemorantur,</strong></span> <span class='ocrx_word' id='word_1_290' title='bbox 541 2387 606 2435; x_wconf 86' lang='lat' dir='ltr'><strong>qui</strong></span> <span class='ocrx_word' id='word_1_291' title='bbox 646 2400 787 2436; x_wconf 87' lang='lat' dir='ltr'><strong>panem</strong></span> <span class='ocrx_word' id='word_1_292' title='bbox 827 2390 866 2424; x_wconf 86' lang='lat' dir='ltr'><strong>et</strong></span> <span class='ocrx_word' id='word_1_293' title='bbox 907 2388 974 2436; x_wconf 93' lang='lat' dir='ltr'><strong>qui</strong></span> <span class='ocrx_word' id='word_1_294' title='bbox 1016 2387 1217 2436; x_wconf 86' lang='lat' dir='ltr'><strong>placentas</strong></span> <span class='ocrx_word' id='word_1_295' title='bbox 1257 2387 1476 2431; x_wconf 70' lang='lat' dir='ltr'><strong>faciebant,</strong></span> <span class='ocrx_word' id='word_1_296' title='bbox 1524 2386 1614 2422; x_wconf 82' lang='lat' dir='ltr'><strong>inde</strong></span> 
     </span>
     <span class='ocr_line' id='line_1_33' title="bbox 124 2450 1613 2505; baseline -0.001 -14"><span class='ocrx_word' id='word_1_297' title='bbox 124 2450 327 2492; x_wconf 70' lang='lat' dir='ltr'><strong>Paniceos</strong></span> <span class='ocrx_word' id='word_1_298' title='bbox 358 2458 397 2491; x_wconf 89' lang='lat' dir='ltr'><strong>et</strong></span> <span class='ocrx_word' id='word_1_299' title='bbox 424 2450 689 2493; x_wconf 63' lang='lat' dir='ltr'><strong>Placentinos</strong></span> <span class='ocrx_word' id='word_1_300' title='bbox 721 2456 908 2502; x_wconf 86' lang='lat' dir='ltr'><strong>nominat,</strong></span> <span class='ocrx_word' id='word_1_301' title='bbox 942 2455 1012 2493; x_wconf 87' lang='lat' dir='ltr'><strong>hos</strong></span> <span class='ocrx_word' id='word_1_302' title='bbox 1046 2457 1158 2505; x_wconf 86' lang='lat' dir='ltr'><strong>quasi</strong></span> <span class='ocrx_word' id='word_1_303' title='bbox 1184 2455 1389 2492; x_wconf 83' lang='lat' dir='ltr'><strong>Placentia</strong></span> <span class='ocrx_word' id='word_1_304' title='bbox 1413 2467 1460 2490; x_wconf 83' lang='lat' dir='ltr'><strong>ex</strong></span> <span class='ocrx_word' id='word_1_305' title='bbox 1484 2453 1613 2491; x_wconf 84' lang='lat' dir='ltr'><strong>Gallia</strong></span> 
     </span>
     <span class='ocr_line' id='line_1_34' title="bbox 122 2521 1612 2572; baseline -0.001 -13"><span class='ocrx_word' id='word_1_306' title='bbox 122 2521 323 2572; x_wconf 81' lang='lat' dir='ltr'><strong>Cisalpina</strong></span> <span class='ocrx_word' id='word_1_307' title='bbox 354 2522 552 2570; x_wconf 80' lang='lat' dir='ltr'><strong>oriundos,</strong></span> <span class='ocrx_word' id='word_1_308' title='bbox 592 2524 680 2561; x_wconf 88' lang='lat' dir='ltr'><strong>illos</strong></span> <span class='ocrx_word' id='word_1_309' title='bbox 712 2524 878 2561; x_wconf 86' lang='lat' dir='ltr'><strong>fortasse</strong></span> <span class='ocrx_word' id='word_1_310' title='bbox 910 2526 1036 2572; x_wconf 84' lang='lat' dir='ltr'><strong>ignoti</strong></span> <span class='ocrx_word' id='word_1_311' title='bbox 1067 2525 1230 2561; x_wconf 87' lang='lat' dir='ltr'><strong>alicuius</strong></span> <span class='ocrx_word' id='word_1_312' title='bbox 1261 2522 1439 2571; x_wconf 87' lang='lat' dir='ltr'><strong>oppiduli</strong></span> <span class='ocrx_word' id='word_1_313' title='bbox 1471 2536 1612 2559; x_wconf 87' lang='lat' dir='ltr'><strong>nomen</strong></span> 
     </span>
     <span class='ocr_line' id='line_1_35' title="bbox 120 2589 1611 2642; baseline -0.001 -15"><span class='ocrx_word' id='word_1_314' title='bbox 120 2591 349 2638; x_wconf 86' lang='lat' dir='ltr'><strong>referentes,</strong></span> <span class='ocrx_word' id='word_1_315' title='bbox 382 2605 417 2629; x_wconf 88' lang='lat' dir='ltr'><strong>v.</strong></span> <span class='ocrx_word' id='word_1_316' title='bbox 443 2591 659 2640; x_wconf 84' lang='lat' dir='ltr'><strong>Vissering,</strong></span> <span class='ocrx_word' id='word_1_317' title='bbox 693 2593 837 2640; x_wconf 81' lang='lat' dir='ltr'><strong>Quaest.</strong></span> <span class='ocrx_word' id='word_1_318' title='bbox 866 2592 1040 2631; x_wconf 78' lang='lat' dir='ltr'><strong>Plautin.</strong></span> <span class='ocrx_word' id='word_1_319' title='bbox 1065 2593 1082 2629; x_wconf 95' lang='grc' dir='ltr'>Ι</span> <span class='ocrx_word' id='word_1_320' title='bbox 1106 2607 1144 2642; x_wconf 92' lang='lat' dir='ltr'><strong>p.</strong></span> <span class='ocrx_word' id='word_1_321' title='bbox 1172 2592 1222 2630; x_wconf 79' lang='lat'><strong>77</strong></span> <span class='ocrx_word' id='word_1_322' title='bbox 1249 2605 1306 2640; x_wconf 84' lang='lat' dir='ltr'><strong>sq.</strong></span> <span class='ocrx_word' id='word_1_323' title='bbox 1354 2591 1451 2628; x_wconf 87' lang='lat' dir='ltr'><strong>Tum</strong></span> <span class='ocrx_word' id='word_1_324' title='bbox 1475 2589 1611 2627; x_wconf 85' lang='lat' dir='ltr'><strong>turdo-</strong></span> 
     </span>
     <span class='ocr_line' id='line_1_36' title="bbox 122 2656 1613 2712; baseline -0.001 -16"><span class='ocrx_word' id='word_1_325' title='bbox 122 2673 209 2697; x_wconf 88' lang='lat' dir='ltr'><strong>rum</strong></span> <span class='ocrx_word' id='word_1_326' title='bbox 241 2673 355 2697; x_wconf 83' lang='lat' dir='ltr'><strong>causa</strong></span> <span class='ocrx_word' id='word_1_327' title='bbox 389 2656 649 2700; x_wconf 65' lang='lat' dir='ltr'><strong>Turdetcmos-</strong></span> <span class='ocrx_word' id='word_1_328' title='bbox 676 2664 864 2710; x_wconf 83' lang='lat' dir='ltr'><strong>nominat,</strong></span> <span class='ocrx_word' id='word_1_329' title='bbox 897 2662 1098 2712; x_wconf 69' lang='lat' dir='ltr'><strong>Hispaniae</strong></span> <span class='ocrx_word' id='word_1_330' title='bbox 1123 2661 1326 2710; x_wconf 85' lang='lat' dir='ltr'><strong>populum,</strong></span> <span class='ocrx_word' id='word_1_331' title='bbox 1358 2658 1613 2696; x_wconf 86' lang='lat' dir='ltr'><strong>ficedularum</strong></span> 
     </span>
     <span class='ocr_line' id='line_1_37' title="bbox 123 2725 1613 2781; baseline -0.001 -15"><span class='ocrx_word' id='word_1_332' title='bbox 123 2742 240 2766; x_wconf 84' lang='lat' dir='ltr'><strong>causa</strong></span> <span class='ocrx_word' id='word_1_333' title='bbox 285 2725 597 2777; x_wconf 34' lang='lat' dir='ltr'><strong>Ficedule&#39;nfflffs,</strong></span> <span class='ocrx_word' id='word_1_334' title='bbox 646 2731 711 2781; x_wconf 89' lang='lat' dir='ltr'><strong>qui</strong></span> <span class='ocrx_word' id='word_1_335' title='bbox 757 2731 823 2769; x_wconf 86' lang='lat' dir='ltr'><strong>ubi</strong></span> <span class='ocrx_word' id='word_1_336' title='bbox 868 2731 1136 2768; x_wconf 78' lang='lat' dir='ltr'><strong>habitaverint</strong></span> <span class='ocrx_word' id='word_1_337' title='bbox 1181 2732 1404 2779; x_wconf 75' lang='lat' dir='ltr'><strong>ignoratur3</strong></span> <span class='ocrx_word' id='word_1_338' title='bbox 1450 2732 1613 2778; x_wconf 83' lang='lat' dir='ltr'><strong>propter</strong></span> 
     </span>
     <span class='ocr_line' id='line_1_38' title="bbox 121 2795 1609 2847; baseline -0.001 -13"><span class='ocrx_word' id='word_1_339' title='bbox 121 2798 287 2847; x_wconf 88' lang='lat' dir='ltr'><strong>piscium</strong></span> <span class='ocrx_word' id='word_1_340' title='bbox 317 2800 425 2837; x_wconf 83' lang='lat' dir='ltr'><strong>varia</strong></span> <span class='ocrx_word' id='word_1_341' title='bbox 453 2811 598 2846; x_wconf 76' lang='lat' dir='ltr'><strong>genera</strong></span> <span class='ocrx_word' id='word_1_342' title='bbox 622 2797 854 2839; x_wconf 67' lang='lat' dir='ltr'><strong>maritimos</strong></span> <span class='ocrx_word' id='word_1_343' title='bbox 879 2809 1018 2838; x_wconf 69' lang='lat' dir='ltr'><strong>omues</strong></span> <span class='ocrx_word' id='word_1_344' title='bbox 1043 2795 1193 2836; x_wconf 69' lang='lat' dir='ltr'><strong>milites</strong></span> <span class='ocrx_word' id='word_1_345' title='bbox 1218 2799 1329 2847; x_wconf 81' lang='lat' dir='ltr'><strong>quasi</strong></span> <span class='ocrx_word' id='word_1_346' title='bbox 1354 2797 1530 2833; x_wconf 78' lang='lat' dir='ltr'><strong>homines</strong></span> <span class='ocrx_word' id='word_1_347' title='bbox 1564 2810 1609 2832; x_wconf 80' lang='lat' dir='ltr'><strong>ex</strong></span> 
     </span>
    </p>
   </div>
  </div>
 </body>
</html>
