1897 3171
764 179 806 213 V.
831 180 1021 213 410—424.
1560 183 1637 222 321

147 310 284 348 affert:
335 311 414 356 „ita
457 309 624 346 fustibus
670 308 901 345 submollior
945 309 1069 357 magis
1114 322 1231 358 quam
1269 309 1372 347 ullus
1413 308 1640 348 cinaedus“.

147 378 231 416 Hoc
263 381 422 415 auctore
454 390 538 414 cum
564 377 687 414 Hario
719 381 758 413 et
782 375 980 425 Wagnero
1012 376 1139 413 delevi
1162 389 1245 414 voc.
1263 375 1401 423 miser,
1434 391 1482 415 ne
1506 391 1641 415 versus

144 447 252 484 iusto
282 446 438 494 longior
468 448 582 482 esset.
642 441 806 482 ‘mollior
834 441 979 494 mayiS,
1013 444 1060 482 cf.
1092 444 1141 481 ad
1171 445 1315 494 Amph.
1335 447 1428 483 297.
1460 465 1516 470 --
1546 447 1640 484 415.

152 510 265 563 Quid
299 510 375 552 tibi
410 523 488 551 nos
525 510 647 550 tactio
686 508 774 550 est?
817 526 853 550 v.
894 511 943 549 ad
980 512 1122 561 Amph.
1158 513 1249 550 515.
1293 532 1343 537 —
1395 510 1507 563 Quae
1544 509 1643 551 res?

147 596 184 621 v.
216 582 267 620 ad
295 582 405 620 Asin.
439 582 533 619 474.
594 581 771 618 Euclioni
801 580 883 617 haec
913 580 1033 617 verba
1064 579 1155 616 dedi
1186 594 1271 617 cum
1303 580 1495 630 Seyffert,
1530 582 1640 620 Stud.

146 650 275 688 Plaut.
305 663 344 699 p.
379 651 424 697 23
470 650 615 687 rectius
648 651 751 686 enim
781 649 1132 696 interrogationem
1163 649 1356 699 incipiunt
1388 663 1506 698 quam
1539 651 1642 688 clau-

147 718 258 755 dunt.
294 737 343 743 --
375 718 513 755 Altera
542 730 677 754 versus
708 730 799 766 pars
831 720 988 754 constat
1017 729 1066 753 ex
1097 718 1243 754 cretico
1282 721 1321 754 et
1360 718 1553 765 trochaeo,
1599 722 1643 755 ut

145 786 301 835 syllaba
330 786 377 823 ab
409 787 524 823 initio
557 785 692 822 deesse
730 778 931 831 videatur,
980 797 1100 834 quare
1131 785 1247 823 Both.
1280 789 1498 835 transpos.:
1549 798 1643 833 „nos

145 856 268 892 tactio
299 858 378 901 est,
424 853 602 891 mendice
640 851 794 900 hom0“,
827 852 946 890 Weis.
990 853 1192 899 „mendice
1231 853 1365 899 homo,
1414 866 1482 890 nos
1520 854 1642 890 tactio

146 919 247 960 est“.
279 942 335 947 —-
364 923 458 960 416.
490 917 652 968 Etiam,
684 935 720 958 v.
752 920 801 958 ad
831 920 941 958 Asin.
985 922 1076 958 669.
1136 918 1316 971 rogitas,
1360 921 1472 959 codd.
1506 925 1545 958 et
1577 921 1639 958 hic

148 994 189 1028 et
229 992 323 1028 429.
397 989 513 1027 Both.
557 987 745 1037 „rogas“;
792 988 860 1025 sed
904 988 1074 1025 feramus
1120 993 1375 1038 anapaestum.
1422 1009 1478 1014 —
1523 1000 1645 1039 quam

147 1069 321 1108 aequom
358 1058 448 1096 erat
484 1058 579 1095 olim
617 1057 880 1094 emendatum.
942 1056 1088 1094 Versus
1120 1070 1169 1094 ne
1209 1057 1347 1094 eodem
1380 1071 1456 1106 quo
1489 1062 1645 1094 antece-

148 1127 245 1164 dens
275 1126 476 1164 laboraret
512 1127 629 1171 vitio,
669 1125 826 1162 Brixius
869 1138 1010 1174 „quam
1050 1138 1111 1162 me
1149 1139 1314 1175 aequom
1355 1124 1463 1162 erat“
1506 1125 1642 1171 voluit,

148 1194 411 1245 probantibus
456 1193 656 1242 Wagnero
702 1197 738 1229 et
784 1193 968 1231 Miillero.
1000 1213 1056 1218 —-
1087 1194 1182 1231 417.
1229 1193 1300 1230 His
1345 1193 1463 1230 dictis
1505 1193 1644 1231 Euclio

150 1276 309 1300 manum
341 1263 376 1299 ei
406 1263 552 1309 iniicit3
585 1262 753 1311 Congrio
787 1257 885 1299 Sine
917 1261 1072 1309 clamat,
1105 1264 1130 1299 i.
1152 1275 1183 1300 e.
1218 1264 1369 1308 omitte,
1404 1262 1450 1299 cf.
1484 1261 1643 1299 Trucul.

151 1332 250 1368 738:
304 1330 485 1378 „Omitte
518 1328 642 1368 sine“.
705 1329 816 1367 Cure.
851 1331 915 1367 92.
950 1328 1043 1367 653.
1106 1328 1232 1367 Casin.
1270 1331 1360 1368 521.
1423 1330 1509 1366 Ter.
1542 1329 1643 1367 Eun.

152 1400 218 1437 65.
247 1400 338 1436 381.
392 1399 553 1436 Plenius
588 1399 695 1446 „sine
726 1396 809 1434 me“
845 1397 934 1435 Ter.
961 1397 1102 1435 Heaut.
1131 1399 1195 1435 90.
1250 1397 1324 1435 Ad.
1353 1399 1445 1434 321.
1507 1398 1645 1435 Euclio

149 1480 243 1505 vero
274 1467 399 1505 nihilo
431 1469 559 1504 minus
591 1467 686 1503 fusti
718 1469 837 1515 caput
868 1467 949 1503 eius
981 1466 1129 1515 plectit.
1199 1465 1297 1502 Tum
1329 1465 1499 1513 Congrio
1537 1462 1640 1512 „Aff‘

149 1536 281 1584 inquit
333 1535 457 1582 „male
494 1535 566 1571 hoc
604 1533 678 1570 tibi
717 1535 888 1580 eveniet,
937 1534 969 1570 si
1017 1533 1112 1583 quid
1150 1546 1219 1583 ego
1259 1532 1404 1584 sapio.“
1476 1534 1646 1570 Weisius

151 1616 271 1652 quum
301 1616 380 1640 non
410 1603 674 1652 intelligeret,
716 1615 793 1650 qua
823 1603 975 1639 ratione
1007 1615 1109 1639 nova
1140 1603 1336 1639 sententia
1367 1602 1415 1638 ab
1453 1600 1550 1647 „Aff‘
1587 1604 1646 1639 in-

151 1672 320 1720 ciperet,
367 1671 415 1707 ab
453 1671 527 1708 hoc
565 1683 647 1707 voc.
689 1669 922 1718 Congrionis
969 1670 1090 1707 verba
1136 1670 1288 1707 orditus
1335 1674 1412 1716 est3
1459 1670 1527 1707 sed
1568 1683 1645 1719 quo

150 1752 270 1778 sensu
290 1737 429 1786 „Sine“
457 1739 638 1776 Euclioni
665 1737 873 1784 tribuatur,
905 1751 1046 1788 parum
1077 1738 1325 1786 intelligitur.
1346 1757 1395 1762 —
1419 1748 1507 1776 cum
1538 1734 1648 1776 walo

151 1807 233 1855 tuo,
265 1821 300 1846 v.
327 1807 376 1844 ad
399 1807 541 1856 Amph.
568 1807 661 1844 786.
721 1815 870 1855 magmo
902 1819 1037 1842 versus
1070 1819 1184 1842 causa
1214 1806 1459 1855 transposuit
1489 1806 1647 1843 Harius.

150 1896 208 1901 --
238 1877 332 1914 418.
372 1871 468 1924 fuat
497 1875 588 1911 olim
621 1878 863 1921 correctum,
897 1888 987 1911 nani
1019 1877 1059 1910 et
1090 1872 1284 1921 significat
1321 1874 1521 1920 „futurum
1553 1872 1646 1921 sit“,

154 1948 194 1981 et
223 1943 394 1980 iambum
424 1956 559 1981 versus
590 1943 781 1993 postulat.
799 1942 993 1990 ——Cclpztt
1022 1939 1149 1979 sentit
1177 1943 1339 1990 proprio
1364 1955 1480 1979 sensu
1497 1942 1647 1988 Euclio,

153 2012 204 2049 de
236 2012 369 2049 dolore
403 2013 557 2061 capitis.
591 2030 640 2035 —
675 2011 770 2048 422.
817 2010 958 2047 Hiatus
996 2012 1102 2047 inter
1141 2009 1295 2047 coctum
1334 2014 1370 2047 et
1411 2020 1481 2059 ngO
1511 2023 1651 2059 parum

153 2081 239 2117 veri
270 2080 430 2126 similis3
471 2079 585 2116 Both.
617 2080 881 2128 transposuit:
920 2079 1027 2128 „Ego
1057 2083 1189 2115 utrum
1222 2078 1384 2115 crudum
1418 2092 1467 2115 an
1499 2082 1652 2115 coctum

154 2145 308 2194 edim“;
356 2161 427 2196 ego
472 2147 624 2184 malim:
678 2146 844 2193 „Utrum
889 2147 1053 2183 crudum
1100 2160 1148 2183 an
1195 2158 1267 2194 ego
1314 2150 1467 2183 coctum
1506 2144 1650 2183 edim‘².

156 2215 321 2253 Guiet-us
340 2216 483 2252 omisso
505 2212 629 2263 „ego“
654 2213 895 2262 „Utrumne“
917 2216 1095 2265 scripsit3
1122 2214 1236 2263 Seyff.
1255 2214 1420 2261 „Utrum
1439 2214 1653 2251 crudumne

155 2289 247 2320 an··.
283 2302 330 2308 —
364 2280 470 2321 edim
500 2295 535 2320 V.
569 2283 620 2320 ad
650 2282 790 2319 Bacch.
824 2284 916 2320 739.
950 2302 1006 2306 —
1038 2284 1131 2321 423.
1176 2280 1292 2320 sina-s
1324 2293 1377 2320 cm
1407 2292 1486 2319 non
1521 2279 1650 2318 sinas.

157 2351 317 2389 Becker.
342 2352 383 2388 in
407 2350 667 2388 Studemundi
694 2350 842 2387 Studiis
866 2351 895 2397 I,
928 2364 966 2400 p.
988 2352 1064 2388 159
1098 2352 1389 2388 coniunctivum
1422 2363 1498 2386 non
1524 2350 1652 2385 feren-

156 2419 250 2457 dum
281 2424 390 2456 ratus
426 2420 553 2466 „sinin
584 2432 634 2455 an
664 2432 742 2455 non
774 2417 892 2455 sinis“
929 2432 1015 2466 scr.,
1049 2432 1127 2468 qua
1158 2419 1205 2456 de
1236 2433 1277 2456 re
1311 2419 1462 2465 egimus
1487 2418 1525 2453 in
1554 2429 1653 2453 com-

157 2495 276 2524 ment.
304 2487 445 2536 Amph.
468 2488 530 2524 17.
563 2507 618 2511 —
650 2487 743 2524 424.
779 2497 849 2537 eyo
883 2484 978 2524 item
1007 2487 1081 2524 hoc
1113 2487 1251 2523 ordine
1284 2486 1448 2526 codices.
1483 2485 1654 2532 antiquae

158 2555 247 2592 edd.
287 2557 460 2593 inverso.
535 2554 606 2591 Vel
651 2558 816 2604 propter
853 2568 936 2592 voc.
977 2552 1075 2592 item
1113 2569 1252 2604 parum
1291 2555 1374 2590 veri
1415 2552 1541 2589 simile
1583 2556 1651 2597 est,

158 2628 203 2660 ut
249 2624 428 2673 proxima
474 2624 741 2660 accusativum
787 2636 873 2659 cum
919 2621 1113 2659 infinitivo
1153 2622 1335 2659 efficiant.
1412 2620 1655 2667 Interrogari

159 2697 268 2728 recte
304 2691 491 2728 viderunt
532 2691 684 2739 antiqui
725 2691 813 2729 edd.
859 2689 1042 2737 „meane“
1086 2690 1323 2735 scribentes,
1372 2687 1489 2725 Both.
1525 2691 1656 2723 autem

163 2757 367 2805 „meaenffi
427 2758 485 2796 De
524 2759 666 2796 omisso
703 2759 824 2795 verbo
863 2759 1110 2796 substantivo
1150 2771 1186 2794 v.
1220 2756 1269 2793 ad
1300 2755 1441 2804 Amph.
1477 2754 1569 2792 569.
1601 2774 1659 2779 ——

1342 2831 1382 2864 21
