1897 3171
245 146 325 185 502
913 141 1070 186 Captiui.

242 275 404 321 propter
434 272 620 307 virtutem
650 274 807 320 pereat,
856 284 934 308 non
966 274 1115 320 perire,
1159 270 1227 307 sed
1258 271 1484 306 memoriam
1516 271 1596 306 eius
1628 269 1732 318 apud

241 344 423 389 posteros
454 351 624 375 manere.
699 338 878 387 Apparet
907 336 1052 387 perire
1090 342 1129 375 et
1168 335 1334 375 interire
1365 337 1467 374 idem
1497 336 1730 385 significare,

242 407 288 443 cf.
330 407 446 444 Most.
490 407 617 444 1016:
669 406 811 455 „perii,
857 404 1028 444 interii“.
1099 406 1256 443 Trucul.
1299 406 1376 443 695
1427 403 1512 454 (qui
1551 419 1598 441 ex
1635 405 1672 442 h.
1706 406 1732 441 l.

243 475 471 512 emendatus
503 472 600 521 est):
637 472 800 520 „Saluos
831 487 927 521 sum,
962 475 1054 524 quia
1084 487 1224 524 pereo;
1258 475 1392 510 sinon
1415 485 1586 521 peream,
1618 473 1734 521 plane

242 540 502 580 interierim“.
563 541 707 578 Parum
736 541 904 579 feliciter
935 542 1084 580 Nonius
1116 556 1154 591 p.
1174 543 1275 579 422:
1312 541 1470 589 „Perire
1503 545 1541 577 et
1571 541 1734 578 interire

242 611 452 660 plurimum
485 609 714 646 differentiae
747 609 914 656 habent,
949 610 1051 659 quod
1079 612 1208 658 perire
1232 610 1356 647 levior
1379 623 1441 646 res
1471 614 1530 646 est
1555 612 1593 645 et
1615 608 1735 645 habet

243 679 481 716 inventionis
522 691 632 726 spem
671 682 709 714 et
750 690 828 714 non
869 679 1039 715 omnium
1072 691 1202 715 rerum
1233 676 1390 715 finem‘ffl
1462 677 1574 724 Quod
1605 680 1735 714 autem

246 750 285 783 et
316 747 349 782 is
381 747 421 782 in
452 746 489 783 h.
523 759 558 783 v.
591 745 789 783 laudando
822 752 861 782 et
900 746 1011 783 coild.
1044 746 1217 783 Plautini
1247 743 1406 794 perita&
1433 746 1598 791 habent,
1638 745 1737 782 nihil

245 819 304 851 est
349 817 427 852 nisi
468 815 639 863 antiquae
680 814 913 862 corruptelae
961 815 1248 860 testimonium,
1296 813 1469 863 Scaliger
1511 813 1731 862 „perbitat”

244 883 419 929 coniecit,
452 881 519 919 sed
551 883 791 920 coniunctivi
822 882 929 919 nulla
960 883 1060 920 ratio
1093 887 1169 929 est,
1213 895 1448 932 quamquam
1481 883 1594 918 etiam
1628 881 1734 918 Brix.

246 948 474 1000 „perie1·it“.
535 950 725 998 Alciatus,
759 964 873 1000 quem
906 950 1095 1000 Geppert.
1129 952 1327 1000 sequitur:
1382 950 1481 997 „Qui
1511 963 1584 999 per
1614 949 1737 986 uirtu-

244 1022 324 1055 tem
354 1018 485 1067 periit,
518 1019 550 1055 is
581 1032 659 1055 non
692 1016 867 1065 interit“,
900 1019 1079 1057 Lindem.
1112 1020 1267 1069 „periit,
1300 1023 1340 1056 at
1371 1016 1488 1065 non“,
1514 1017 1574 1055 Fl.
1596 1017 1736 1066 „perit,

245 1090 284 1123 at
308 1099 385 1123 non
401 1083 475 1133 is⁴‘,
508 1086 646 1124 Gertz:
683 1087 780 1134 „Qui
808 1100 880 1136 per
905 1088 1093 1124 uirtutem
1118 1088 1232 1136 perit,
1258 1088 1374 1136 perit,
1405 1090 1444 1124 at
1460 1100 1537 1123 non
1553 1082 1737 1129 interit“;

244 1167 382 1192 verum
418 1152 505 1201 „at“
542 1169 620 1193 non
652 1157 705 1192 sic
739 1156 895 1194 dicitur.
957 1156 1041 1205 Ego
1073 1158 1149 1193 iam
1181 1157 1219 1192 in
1252 1157 1384 1203 priore
1416 1155 1588 1192 editione
1621 1151 1741 1191 aiunt

244 1224 396 1273 scripsi,
430 1223 477 1261 cf.
510 1223 598 1261 Ter.
630 1224 755 1262 Andr.
791 1225 891 1262 805:
943 1224 1028 1262 ..Sic
1059 1229 1101 1261 ut
1135 1225 1303 1272 quimus,
1339 1224 1467 1270 aiunt,
1509 1222 1665 1272 quando
1696 1225 1739 1258 ut

244 1293 426 1329 uolumus
457 1305 533 1329 non
565 1290 699 1329 licet‘⁴.
763 1292 918 1330 Phorm.
953 1293 1054 1329 419:
1101 1293 1277 1338 „Actunn
1312 1294 1433 1337 aiunt,
1468 1305 1515 1328 ne
1548 1302 1652 1338 agaS.
1686 1309 1740 1314 -

248 1361 325 1397 685
367 1357 602 1398 cruciauero
633 1360 692 1397 Fl.
726 1365 851 1398 metro
890 1361 1070 1406 iubente,
1124 1361 1171 1396 cf.
1206 1360 1341 1397 Bacch.
1380 1361 1497 1397 1089.
1546 1380 1599 1384 —
1647 1359 1739 1396 686.

251 1425 466 1472 ,‚Sutelae“
519 1429 574 1465 ait
616 1427 755 1465 Festus
800 1441 838 1477 p.
875 1430 952 1466 310
1005 1428 1172 1474 „dolosae
1219 1431 1372 1465 astutiae
1419 1442 1441 1464 a
1485 1427 1741 1464 similitudine

245 1498 442 1534 suentium
484 1497 598 1534 dictae
630 1494 760 1534 eunt“.
836 1496 892 1534 Cf.
927 1497 1054 1534 Casin.
1090 1498 1166 1542 953
1212 1496 1354 1545 Amph.
1390 1497 1489 1533 362:
1541 1497 1738 1542 „consutis

243 1564 383 1603 dolis‘⁴.
417 1585 471 1589 —-
509 1564 644 1603 morti.
705 1564 771 1602 ΒΓ.
804 1565 954 1603 confert
989 1565 1236 1601 Homericum
1275 1565 1372 1601 illud
1413 1565 1495 1601 Ἄϊδι
1529 1565 1739 1613 προιάπτειν

244 1638 283 1671 et
314 1634 406 1670 Hor.
441 1633 521 1670 Sat.
555 1634 611 1679 II,
656 1637 699 1680 5,
738 1635 809 1670 49:
865 1635 920 1680 „si
961 1636 1048 1683 quis
1087 1646 1196 1670 casus
1227 1646 1391 1682 puerum
1432 1633 1557 1680 egerit
1597 1631 1738 1669 Orco‘'.

244 1702 360 1750 Verg.
403 1703 492 1739 AEn.
534 1702 592 1748 II,
635 1703 705 1740 85:
758 1702 990 1749 „demittere
1032 1701 1157 1739 neci“.
1223 1701 1267 1747 V,
1309 1703 1407 1738 691:
1461 1698 1642 1747 „morti“.
1688 1720 1740 1725 —

246 1771 339 1808 688.
391 1770 536 1816 ..Modo
587 1783 743 1819 pereas,
798 1784 874 1820 quo
927 1771 1083 1808 nomine
1133 1770 1205 1806 hoe
1252 1769 1445 1819 appelles,
1499 1782 1578 1806 non
1623 1781 1738 1815 curo;

243 1852 315 1889 per
368 1852 429 1875 me
477 1839 540 1875 vel
588 1840 718 1875 vivere
772 1842 811 1875 te
866 1837 1038 1876 dicant“.
1127 1835 1330 1875 interdico
1383 1837 1495 1875 codd.
1542 1841 1738 1886 corrupte.

249 1906 479 1955 „interduo“
530 1906 748 1944 Guliehnus
795 1907 966 1953 emend,
1015 1907 1061 1944 cf.
1106 1907 1206 1944 Rud.
1251 1908 1348 1944 580:
1415 1906 1558 1947 „Eluas
1603 1909 1647 1943 tu
1691 1919 1740 1942 an

245 1989 464 2025 exungare,
506 1976 650 2012 ciccum
682 1988 759 2012 non
791 1974 1046 2012 interduim‘'.
1131 1975 1239 2011 Trin.
1274 1975 1373 2011 994:
1428 1976 1519 2024 „qui
1558 1975 1628 2020 sis,
1673 1975 1740 2023 qui

244 2057 323 2081 non
369 2045 440 2089 sis,
487 2042 649 2080 floccum
696 2057 773 2080 non
820 2043 1073 2080 interduim‘'.
1160 2042 1235 2080 Sed
1281 2056 1305 2079 u
1351 2044 1428 2080 nisi
1475 2043 1515 2078 in
1561 2043 1740 2079 coniunc-

244 2115 328 2150 tivo
359 2113 550 2148 rationem
581 2124 657 2147 non
690 2111 825 2157 habet,
874 2125 995 2160 quare
1027 2112 1247 2148 necessario
1280 2108 1442 2148 v'wterclo
1480 2110 1739 2155 scribendum,

245 2194 317 2217 nec
348 2180 478 2226 habet,
512 2192 588 2229 quo
621 2192 661 2216 se
693 2179 879 2216 defendat
906 2180 1165 2217 Fleckeisenii
1198 2182 1310 2222 coni„
1343 2193 1458 2228 quam
1491 2180 1644 2228 recepit
1674 2178 1738 2215 Br.

251 2249 372 2296 „nihil
396 2247 593 2293 interduo,
627 2244 774 2285 aiant“.
796 2268 849 2272 —
876 2250 968 2286 689.
1002 2245 1122 2294 v'm‘uct,
1155 2252 1199 2284 ut
1225 2248 1271 2284 ad
1297 2254 1464 2284 mortem
1491 2260 1552 2283 me
1578 2248 1739 2284 crucies.

247 2337 301 2342 —-
335 2318 426 2354 690.
460 2315 732 2365 Corruptelam
762 2317 913 2352 numeri
945 2320 1126 2364 arguunt.
1185 2315 1279 2353 Cod.
1310 2316 1405 2354 Brit.
1436 2319 1515 2362 „sic
1547 2313 1739 2353 confide“.

246 2385 390 2422 Melius
426 2385 492 2420 alii
526 2385 700 2433 antiqui:
734 2379 781 2421 Sz'
811 2380 881 2420 ille
911 2380 987 2421 huc
1018 2381 1159 2422 rebitet
1191 2383 1250 2431 (ut
1281 2397 1316 2421 v,
1351 2380 1450 2433 741)
1483 2381 1542 2422 sic
1572 2384 1618 2421 ut
1647 2393 1741 2421 con-

246 2450 332 2501 fido
363 2450 522 2501 adfore,
555 2465 606 2489 sc.
635 2465 736 2489 eum.
767 2472 822 2476 —
856 2453 948 2489 692.
987 2449 1098 2500 Quid
1126 2449 1199 2489 hroc-
1227 2450 1281 2489 sit
1310 2449 1444 2501 amyoti
1474 2452 1538 2489 ΒΓ.
1573 2465 1658 2498 em.‚
1693 2452 1741 2490 cf.

247 2521 353 2558 Men.
388 2521 466 2557 377
501 2524 537 2556 et
572 2521 674 2568 518,
714 2519 826 2568 prob.
859 2520 1017 2556 Muller.
1050 2520 1157 2557 Pros.
1198 2534 1236 2570 p.
1273 2522 1364 2558 324.
1425 2521 1485 2557 Fl.
1518 2520 1577 2557 ed.
1616 2519 1742 2565 „Quid

247 2589 319 2627 hoc
351 2588 563 2636 negotist‘',
596 2588 709 2638 prob.
736 2587 948 2625 Fuhrman.
975 2589 1114 2625 Annal.
1141 2588 1236 2637 phil.
1263 2588 1337 2635 CV,
1370 2602 1408 2638 p.
1435 2589 1528 2625 816.
1563 2606 1611 2612 -
1647 2588 1740 2624 693.

249 2654 321 2703 ad,
354 2658 379 2694 i.
413 2671 444 2694 e.
479 2657 602 2706 apud,
646 2656 691 2694 cf.
725 2670 760 2693 v.
795 2658 859 2694 49.
893 2676 947 2680 —
987 2657 1080 2693 694.
1129 2653 1237 2693 alius
1269 2656 1327 2693 Fl.
1361 2655 1523 2703 addidit,
1557 2659 1593 2691 et
1624 2668 1744 2692 versu

248 2730 288 2762 et
325 2738 440 2762 sensu
479 2725 705 2774 postulante
745 2729 812 2761 aut
849 2724 922 2761 hoc
960 2727 1029 2761 aut
1068 2724 1192 2761 simile
1233 2724 1340 2772 quid.
1415 2723 1572 2760 Muller.
1607 2727 1645 2759 et
1675 2722 1741 2759 Br.
