1854 3188
192 202 221 246 1,
239 204 268 246 1,
281 202 412 236 27—41
853 200 1032 235 Curculio.
1605 206 1683 243 215

794 325 1082 367 Palinurus

903 398 993 451 Ego
1025 398 1127 438 item
1163 398 1272 440 uolo.

194 471 263 512 Ita
292 474 414 512 tuum
445 470 638 512 conferto
670 484 815 512 amare
847 484 1026 523 semper⁷
1059 471 1093 512 si
1126 471 1255 524 sapis,

194 543 259 585 Ne
288 542 332 584 id
364 542 479 596 quod
510 556 640 593 ames,
673 542 861 596 populus
895 543 929 583 si
963 544 1085 594 sciat,
1118 543 1198 584 tibi
1232 543 1286 584 sit
1318 543 1489 597 probro.

195 614 320 665 Quod
351 628 472 656 amas
503 618 644 656 amato
670 607 859 655 vtestibus
890 614 1211 668 praesentibus.
1640 629 1685 662 30

194 687 371 740 Semper
402 690 566 738 curato,
598 700 650 727 ne
683 687 740 727 sis
772 686 1047 728 intestabilis.

760 773 1124 815 Phaedromus

195 845 308 897 Quid
338 846 449 887 istuc
481 849 545 887 est
575 845 723 887 verbi?

789 917 820 958 P
833 918 941 958 alin
955 932 982 958 u
995 932 1082 959 rus

767 988 900 1031 Caute
934 994 979 1030 ut
1011 990 1184 1031 incedas
1217 991 1300 1031 uia.

758 1076 1120 1118 Phaedromus

195 1146 308 1197 Quin
338 1146 436 1188 leno
468 1147 537 1190 hio
569 1148 755 1190 habitat.

795 1220 1083 1263 Palinurus

808 1293 942 1334 Nemo
976 1293 1072 1334 hinc
1105 1293 1305 1347 prohibet
1336 1308 1414 1335 nec
1445 1299 1581 1343 uetat,

192 1363 305 1413 Quin
336 1350 452 1417 qued
482 1364 670 1418 palamst
699 1365 864 1412 uenale,
899 1366 933 1406 si
966 1370 1247 1419 argentumst.
1280 1379 1408 1408 enias.

190 1435 326 1477 Nemo
358 1437 420 1477 ire
453 1450 713 1489 quemquam
744 1437 915 1490 publica
948 1438 1149 1491 prohibet
1182 1439 1265 1489 uia,
1642 1449 1684 1482 35

191 1507 305 1548 Dum
335 1522 388 1549 ne
420 1522 497 1562 per
527 1508 707 1550 fundum
741 1514 940 1562 saeptum
972 1509 1104 1551 faciat
1136 1511 1346 1552 semitam.

191 1580 301 1620 Dum
331 1581 407 1621 ted
437 1580 658 1622 abstineas
689 1586 840 1634 nupta,
873 1581 1018 1629 uidua,
1051 1583 1233 1635 uirgine,

191 1651 426 1692 quentute
458 1657 501 1694 et
533 1654 676 1706 pueris
708 1653 868 1703 liberis,
901 1667 997 1693 ama
1030 1654 1132 1706 quid
1164 1654 1296 1695 lubet.

755 1739 1050 1781 Phaedrom
1065 1755 1122 1782 us

193 1810 378 1853 Lenonis
411 1811 493 1853 hae
527 1816 625 1853 sunt
657 1812 800 1853 aedes.

788 1883 820 1924 P
831 1884 879 1925 al
892 1885 944 1924 in
955 1898 983 1924 u
994 1899 1014 1925 r
1023 1899 1049 1925 u
1063 1899 1080 1926 s

871 1956 982 1997 Male
1014 1957 1110 1998 istis
1144 1963 1311 1998 euenat.

752 2042 1116 2085 Phaedromus

193 2111 304 2162 Qui?

790 2186 821 2227 P
833 2186 881 2228 al
893 2187 943 2228 in
957 2202 984 2228 u
994 2202 1015 2228 r
1025 2202 1051 2228 u
1063 2202 1081 2228 s

318 2244 321 2245 ⁷
364 2256 474 2307 Quia
505 2257 732 2300 scelestam
765 2259 1021 2300 seruitutem
1054 2261 1262 2301 seruiunt.
1641 2272 1685 2303 40

757 2341 1001 2384 Phaedro
1018 2357 1124 2384 mus

195 2410 453 2465 Obloquere.

793 2485 1052 2528 Palinuru
1066 2501 1083 2528 s

522 2555 619 2597 Fiat
650 2571 858 2599 maxume.

284 2726 328 2759 30
346 2727 584 2769 postponitur
601 2727 783 2769 proximo.
860 2739 941 2761 ama
1023 2730 1065 2761 33
1090 2727 1208 2762 Nemo
1234 2727 1292 2761 hic
1318 2725 1465 2770 proibet
1490 2736 1558 2759 nec
1583 2728 1686 2759 uetat

195 2782 238 2815 36
262 2781 374 2816 facias
469 2783 512 2817 37
536 2785 574 2816 te
668 2785 711 2817 39
737 2784 881 2818 eueniat
