1854 3188
214 187 306 224 XVI
855 178 1039 214 Praefatio.

819 309 1086 345 Artemona

209 383 284 419 Ain
315 380 502 419 tandem?
547 380 701 429 Edepol
732 394 779 417 ne
810 383 853 417 tu
883 380 984 426 istuc
1016 393 1099 416 cum
1132 380 1234 417 malo
1266 392 1407 427 magno
1439 384 1507 418 tuo

207 454 350 491 Dixisti
380 454 420 490 in
451 466 524 490 me.
585 452 688 494 Sine.
749 452 894 490 Uenias
925 451 1039 488 modo
1072 450 1240 497 domum⁷
1274 451 1362 487 faxo
1393 454 1438 488 ut
1467 452 1566 489 scias

212 524 314 571 Quid
345 523 482 573 pericli
513 524 565 561 sib
595 523 754 562 dotatae
785 524 897 560 uxori
928 523 1067 560 uitium
1099 521 1239 559 dicere.

792 595 1105 631 Philaenium

209 667 281 704 Dic
315 667 466 714 amabo,
500 681 548 704 an
577 667 699 704 foetet
730 668 858 703 anima
887 667 1019 703 uxoris
1050 664 1167 702 tuae?

789 737 899 775 Dem
912 751 996 774 aen
1010 740 1116 773 etus

1227 793 1419 831 Nauteam

209 867 351 904 Bibere
383 868 526 914 malim,
560 868 591 904 si
623 878 822 904 necessum
856 866 917 910 sit,
951 877 1066 914 quam
1097 865 1202 901 illam
1236 866 1459 903 oscularier.

801 937 1109 974 Philaenium

211 996 335 1032 Miser
366 1000 517 1033 ecastor
549 1009 600 1033 es.

825 1052 1088 1088 Artemona

664 1123 827 1160 Ecastor
853 1122 994 1169 dignus
1026 1125 1097 1159 est.

795 1194 1110 1243 Argyrippus

1166 1266 1267 1312 Quid
1299 1269 1366 1312 ais,
1400 1265 1546 1315 pater?

212 1323 364 1372 Ecquid
390 1326 553 1360 matrem
581 1322 713 1360 amas?

787 1394 1117 1431 Demaenetus

729 1465 864 1516 Egone
889 1463 1025 1503 illam?
1072 1465 1182 1502 Nunc
1207 1478 1303 1512 amo,
1337 1468 1431 1514 quia
1462 1479 1539 1502 non
1572 1465 1694 1502 adest.

798 1537 1113 1587 Argyrippus

212 1596 325 1642 Quid,
360 1609 476 1645 quom
509 1592 645 1632 adest?

794 1650 1121 1687 Demaenetus

599 1723 752 1760 Perisse
777 1723 903 1771 cupio.

823 1794 1084 1831 Parasitus

940 1865 1059 1902 Amat
1085 1865 1200 1902 homo
1232 1865 1293 1902 hic
1325 1870 1375 1911 te,
1408 1869 1449 1901 ut
1482 1865 1698 1914 praedicat.

822 1938 1090 1974 Artemona

210 2009 267 2046 Ne
298 2010 368 2046 illa
399 2012 551 2046 ecastor
581 2009 783 2046 faenerato
815 2009 1012 2055 funditat;
1046 2021 1133 2046 nam
1167 2009 1197 2044 si
1230 2007 1386 2045 domum

210 2080 392 2118 Redierit
422 2081 550 2127 hodie,
585 2081 798 2118 osculando
831 2093 902 2128 ego
936 2081 1104 2117 ulciscar
1134 2081 1393 2130 potissimum.

323 2167 426 2214 Haec,
459 2181 506 2204 ne
539 2168 740 2205 consilium
772 2181 900 2205 meum
931 2168 1113 2216 cuiquam
1146 2167 1312 2216 amplius
1344 2167 1552 2204 obscurum
1585 2171 1698 2213 esset,

211 2239 415 2289 praefanda
447 2239 553 2276 duxi.
615 2239 743 2277 Unum
775 2242 918 2286 restat,
958 2242 1003 2276 ut
1034 2238 1174 2275 librum
1207 2252 1333 2276 meum
1365 2239 1554 2276 lectorum
1585 2239 1701 2276 bene-

212 2311 394 2348 volentiae
427 2310 693 2348 commendem
732 2314 770 2347 et
807 2323 962 2357 eorum,
1005 2323 1090 2359 quae
1131 2313 1199 2347 aut
1234 2311 1462 2361 typothetes
1507 2314 1575 2348 aut
1620 2312 1702 2360 ipse

213 2383 440 2429 erraverim,
473 2382 627 2419 veniam
653 2395 802 2431 precer.
850 2382 1019 2428 Quorum
1044 2383 1194 2418 utinam
1221 2383 1349 2419 minor
1373 2395 1556 2420 numerus
1581 2383 1700 2419 esset!

215 2454 308 2500 Quae
350 2457 481 2491 errata
519 2466 601 2491 esse
641 2453 922 2500 animadverti,
970 2455 1009 2490 in
1055 2454 1162 2490 calce
1200 2453 1290 2491 libri
1330 2454 1548 2491 emendavi.
1624 2454 1702 2491 Ad-

215 2525 344 2562 denda
374 2537 529 2575 quoque
559 2526 727 2562 maxime
758 2538 805 2562 ex
835 2526 901 2572 iis,
936 2538 1042 2575 quae,
1077 2525 1169 2562 dum
1199 2525 1262 2562 hic
1292 2525 1393 2562 liber
1422 2528 1528 2575 typis
1560 2525 1704 2562 descri-

214 2596 335 2644 bitur,
367 2597 406 2633 in
439 2596 636 2646 publicum
669 2597 914 2647 prodierunt,
946 2609 1025 2633 non
1058 2596 1165 2633 nulla
1195 2596 1366 2634 fuerunt.

419 2693 498 2728 Kal.
524 2694 634 2728 Mart.
663 2698 972 2725 MDocoLxxvm.

1250 2766 1290 2804 J.
1324 2767 1371 2801 L.
1406 2766 1589 2810 Ussing.
