1897 3171
764 190 800 223 V.
828 192 1015 225 734—772.
1559 195 1639 233 505

147 319 391 357 redeundum
425 323 465 356 et
496 332 595 356 nova
628 320 828 356 servitutis
859 320 973 356 initia
1005 321 1083 356 sive
1116 321 1287 369 auspicia
1313 320 1508 368 capienda
1534 326 1640 357 sunt-

148 385 415 435 exauspv'ccmn'
431 389 556 424 activa
573 387 708 433 forma,
729 393 773 424 ut
790 388 865 424 alia
885 387 988 436 apud
1007 389 1200 437 antiquos,
1219 388 1297 425 vid.
1312 387 1361 424 ad
1380 387 1520 437 Amph.
1543 389 1635 425 817.

257 444 353 493 762.
402 456 603 492 Parasitus
633 460 840 505 postquam
881 456 983 504 apud
1022 461 1182 505 portum
1216 455 1529 504 Philopolemum
1562 470 1638 493 una

148 537 233 561 cum
257 524 479 561 Philocrate
503 524 732 560 redeuntem
756 523 876 569 vidit,
909 524 1052 573 gaudio
1078 524 1202 560 elatus
1236 523 1449 571 Hegionem
1474 528 1641 573 propter

147 593 342 630 nuntium.
376 605 489 640 quem
523 592 558 628 ei
590 592 779 628 allaturus
812 595 880 636 est,
915 596 1098 628 aeternam
1126 591 1198 628 sibi
1226 592 1389 640 gratiam
1418 592 1638 629 relaturum

146 665 292 709 spera-t.
339 659 597 709 Soliloquium
629 660 767 709 incipit
794 673 814 696 a
842 660 992 696 duobus
1018 661 1257 708 septenariis
1282 659 1513 706 trochaicis;
1546 660 1638 697 inde

146 729 338 765 transitur
368 729 407 764 in
438 728 604 764 iambica
635 732 860 776 systemata,
894 729 1108 765 octonariis
1134 727 1341 775 descripta,
1375 727 1480 776 quod
1506 741 1640 764 nume-

146 810 278 834 rorum
311 808 432 844 genus
463 796 650 844 gaudenti
682 797 928 846 aptissimum
961 802 1029 841 est,
1074 796 1120 833 cf.
1148 795 1249 832 Men.
1282 796 1357 832 128
1385 809 1469 844 sqq.
1518 795 1638 833 Stich.

149 866 226 902 273
261 878 345 913 sqq.
402 864 558 901 Miiller.
591 864 751 901 Prosod.
784 877 822 912 p.
860 865 933 901 121
979 865 1108 900 onmia
1138 863 1336 900 trochaica
1366 864 1493 900 facere
1527 877 1639 900 oona-

146 938 232 979 tur3
278 932 529 969 verisimilius
561 931 802 969 Fleckeisen.
836 932 985 968 iambos
1024 934 1229 968 continuat
1269 933 1324 968 ita
1362 935 1406 968 ut
1435 945 1469 968 v.
1505 933 1583 968 766
1617 945 1639 968 a

147 1001 342 1050 principio
390 1000 529 1037 addat:
582 1000 745 1038 ..Saluos
794 999 918 1046 sum“,
968 1002 1046 1038 769
1092 999 1225 1045 Α,,Ιῒει“;
1273 999 1341 1036 sed
1384 1001 1518 1049 potius
1563 1002 1640 1036 tria

147 1073 361 1117 systemata
401 1068 677 1117 distinguenda
708 1075 815 1113 sunt,
860 1082 1021 1118 quorum
1064 1069 1139 1106 duo
1177 1072 1315 1118 priora
1347 1067 1555 1114 (763—65
1601 1071 1640 1104 et

149 1135 360 1182 766—68)
395 1149 442 1173 ex
473 1137 698 1186 septenario
731 1137 932 1174 trochaico
966 1142 1003 1173 et
1036 1137 1187 1174 duobus
1214 1137 1429 1174 octonariis
1464 1136 1642 1172 iambicis

147 1208 337 1251 constant,
370 1207 531 1242 tertium
566 1202 797 1251 (769—74)
833 1219 879 1241 ex
910 1208 1135 1254 septenario
1168 1205 1365 1242 trochaico
1399 1208 1436 1241 et
1467 1206 1641 1253 quinque

147 1273 321 1310 iambicis
353 1274 581 1310 octonariis.

261 1342 353 1379 763.
400 1337 630 1379 Maxumas
663 1340 915 1390 opimitates,
959 1343 1005 1380 cf.
1038 1343 1146 1379 Asin.
1183 1344 1282 1387 280,
1316 1345 1355 1378 et
1387 1355 1450 1377 eas
1483 1340 1641 1389 quidem

147 1407 359 1458 opiparas,
407 1411 431 1446 i.
472 1422 502 1447 e.
543 1410 649 1447 laute
689 1414 870 1460 paratas,
913 1411 989 1447 sibi
1027 1412 1236 1460 promittit.
1308 1409 1416 1446 Bona
1455 1422 1539 1446 cum
1581 1409 1640 1445 his

146 1479 356 1515 coniuncta
382 1482 664 1515 enumerantur
694 1479 863 1516 rotundo
896 1493 975 1525 ore,
1010 1480 1078 1516 sed
1110 1479 1217 1516 nullo
1244 1479 1392 1515 ordine.
1455 1473 1641 1514 Laudem

147 1545 263 1593 (764)
306 1546 396 1583 boni
442 1547 571 1583 nuntii
610 1546 826 1596 significat3
866 1558 1066 1596 pompam
1107 1545 1222 1593 (765)
1264 1559 1348 1595 quae
1394 1547 1434 1582 in
1477 1545 1561 1582 foro
1602 1548 1642 1581 et

147 1615 309 1652 macello
343 1619 570 1664 comparata
608 1619 721 1661 sunt,
768 1629 803 1652 V.
837 1616 886 1652 ad
919 1616 1057 1653 Bacch.
1096 1617 1185 1652 112.
1217 1635 1273 1640 —
1312 1615 1405 1651 766.
1441 1611 1540 1659 icam,
1580 1613 1642 1650 bi-

145 1682 357 1732 syllabum,
404 1697 538 1720 versus
580 1697 694 1720 causa
727 1684 861 1720 addidi
894 1698 977 1721 cum
1011 1684 1134 1733 Gepp.
1169 1683 1325 1720 Muller.
1359 1682 1423 1719 ΒΓ.
1461 1701 1511 1706 --
1545 1683 1637 1719 767.

149 1750 352 1798 „Potentis
383 1751 548 1788 hominis
581 1756 639 1788 est
668 1756 879 1802 utrumque
913 1752 1064 1789 efficere
1088 1765 1202 1801 posse
1230 1756 1268 1787 et
1295 1752 1428 1787 amicis
1453 1749 1642 1799 prodesse

145 1823 185 1855 et
207 1820 376 1857 inimicis
401 1819 578 1858 obesse-'‘.
599 1820 732 1857 Lamb.
761 1841 816 1845 —
842 1823 934 1858 768.
969 1817 1208 1858 ctonoewitctte
1233 1828 1404 1856 (macena
1431 1827 1638 1864 comnenus,

145 1888 192 1925 cf.
225 1888 286 1926 ad.
318 1888 460 1937 Amph.
495 1890 587 1926 274.
650 1889 837 1925 Extrema
874 1902 1008 1925 versus
1048 1902 1123 1925 vox
1162 1889 1200 1924 in
1233 1887 1344 1924 codd.
1378 1890 1437 1923 est
1473 1883 1641 1933 „mihi“·,

145 1956 213 1992 sed
245 1956 337 1993 olim
369 1957 612 1994 intellectum
646 1964 707 1994 est.
739 1954 828 1995 (lies
868 1957 1096 1995 desiderari.
1139 1977 1191 1981 —
1231 1957 1324 1993 769.
1368 1950 1468 1992 Sine
1506 1951 1640 1991 Sacris

145 2021 365 2071 hereditas,
399 2026 445 2062 ef.
479 2025 587 2063 Trin.
621 2027 722 2064 484:
776 2025 903 2071 „Cena
934 2026 1005 2063 hac
1038 2028 1230 2062 annonast
1261 2025 1343 2060 sine
1376 2024 1497 2060 sacris
1529 2022 1640 2059 here-

146 2089 291 2130 ditas“.
368 2092 472 2131 Fest.
503 2107 542 2143 p.
578 2095 679 2132 290:
732 2095 772 2130 in
810 2094 1019 2143 proverbio
1058 2093 1135 2131 dici
1175 2093 1295 2137 solet,
1345 2089 1448 2138 [cum
1488 2091 1641 2140 aliquid

146 2159 368 2208 obvenerit]
416 2162 499 2198 sine
545 2162 625 2198 ulla
670 2162 907 2199 incommodi
953 2162 1189 2211 appendice3
1237 2160 1342 2210 quod
1388 2160 1480 2197 olim
1529 2172 1640 2196 sacra

145 2242 224 2266 non
257 2230 383 2267 solum
424 2229 582 2279 publica
614 2231 876 2267 curiosissime
909 2230 1261 2274 administrabant,
1310 2228 1379 2265 sed
1412 2229 1527 2264 etiam
1559 2228 1640 2275 pri-

145 2300 256 2343 vata,
303 2297 541 2346 relictusque
584 2298 696 2335 heres
728 2300 830 2336 sicut
860 2299 1033 2348 pecuniae
1067 2301 1183 2335 etiam
1218 2309 1413 2334 sacrorum
1446 2300 1550 2341 erat,
1597 2299 1643 2332 ut

149 2377 195 2402 ea
226 2365 525 2413 diligentissime
557 2367 814 2404 administare
847 2372 950 2404 esset
982 2368 1283 2404 necessarimn·‘.
1345 2363 1400 2400 Cf.
1435 2363 1511 2400 Cic.
1546 2362 1641 2412 Leg.

145 2433 194 2478 II,
231 2434 292 2479 19,
326 2435 376 2469 47
410 2447 495 2483 sqq.
527 2455 582 2459 -—
615 2436 708 2472 771.
744 2432 864 2483 ipsus
894 2448 965 2472 em.
999 2436 1168 2473 Reizius.
1200 2453 1254 2458 —
1295 2433 1388 2468 772.
1431 2431 1541 2468 certa
1571 2440 1640 2468 res

147 2500 225 2547 est,
267 2505 415 2538 certum
448 2506 518 2539 est.
580 2502 644 2540 ΒΓ.
678 2503 830 2540 confert
861 2504 1001 2552 Amph.
1039 2503 1157 2541 1064.
1219 2502 1327 2537 Asin.
1363 2500 1454 2536 246.
1516 2498 1638 2536 Mero.

147 2570 241 2607 463.
324 2569 435 2606 Servi
487 2572 528 2607 in
582 2571 781 2608 comoediis
828 2571 894 2609 ubi
941 2576 1199 2621 properantes
1239 2567 1491 2613 exhibentur,
1538 2566 1639 2604 nihil

147 2638 355 2684 omittunt,
402 2638 507 2674 unde
549 2642 778 2688 properatio
821 2645 1019 2689 appareat,
1068 2639 1144 2675 vid.
1179 2639 1317 2687 Amph.
1360 2641 1438 2676 977
1482 2652 1512 2675 e.
1554 2644 1640 2676 not.

146 2705 321 2743 Primum
344 2703 548 2754 pallium,
582 2721 629 2744 ne
660 2709 943 2758 impedimento
977 2710 1044 2754 sit,
1078 2703 1291 2755 colligatus.
1324 2720 1358 2743 v.
1395 2708 1494 2752 783,
1529 2711 1567 2743 et
1596 2707 1641 2743 in

144 2773 350 2810 humerum
378 2776 604 2822 conficiunt,
637 2776 684 2814 cf.
704 2776 818 2825 Epid.
843 2778 939 2813 191:
977 2775 1203 2825 ..palliolum
1231 2777 1269 2812 in
1298 2775 1436 2812 collum
1464 2772 1640 2812 0011ice“-
