1854 3188
196 208 214 246 1
225 207 274 247 18
880 206 1001 241 Plauti
1428 209 1491 254 IV,
1505 211 1537 254 8,
1552 211 1687 247 35—46

764 331 852 373 Cle
864 346 887 374 o
898 346 938 373 m
950 347 975 375 a
985 346 1007 374 c
1016 331 1045 374 h
1055 347 1082 375 u
1094 348 1112 376 s

191 400 283 444 Tuo
314 401 545 444 arbitratu.

789 474 884 517 Nic
898 489 920 517 o
933 475 960 517 b
971 491 998 517 u
1009 476 1023 517 1
1034 491 1060 518 u
1071 491 1088 518 s

601 545 661 587 Ut
692 546 997 589 subblanditur
1028 547 1250 591 carnufex!

786 639 1081 694 Chrysalus

189 709 320 752 Pater
349 710 419 752 hic
448 711 768 763 Mnesilochist,
801 726 994 766 sequere,
1024 714 1060 755 is
1093 715 1320 768 promittet
1350 716 1444 758 tibi.

189 781 253 823 Tu
285 795 434 825 aurum
466 788 638 838 rogato3
672 789 861 827 ceterum
893 785 1077 826 uerbum
1112 791 1180 828 sat
1212 792 1292 828 est.

789 878 884 920 Nic
896 893 919 921 o
930 879 956 921 b
969 879 1058 922 ulu
1070 895 1088 923 s

191 947 304 998 Quid
335 948 411 991 fit?

790 1021 820 1063 C
831 1021 923 1077 hry
937 1037 955 1065 s
966 1022 1053 1065 alu
1065 1037 1083 1065 s

448 1093 657 1135 Ducentis
688 1093 900 1149 Philippis
931 1108 1022 1136 rem
1053 1096 1210 1149 pepigi.

783 1189 1084 1232 Nicobulus

1263 1262 1340 1315 Ah,
1372 1264 1491 1306 salus

186 1330 299 1383 Mea,
331 1332 559 1374 seruauisti
590 1346 671 1375 me.
733 1332 869 1383 Quam
903 1347 1000 1374 mox
1033 1333 1129 1376 dico
1165 1334 1360 1386 „dabo“?

789 1426 1081 1482 Chrysalus

187 1498 310 1552 Roga
340 1497 454 1540 hunc
485 1502 547 1551 tu,
580 1503 629 1541 tu
659 1499 866 1554 promitte
897 1499 1009 1541 huic.

786 1593 1087 1636 Nicobulus

1043 1660 1291 1719 'Promitt03
1324 1682 1441 1722 roga..

759 1737 845 1779 Cle
859 1751 882 1779 o
893 1753 934 1778 m
946 1752 971 1779 a
981 1751 1003 1779 c
1013 1738 1041 1779 h
1052 1753 1079 1780 u
1092 1753 1110 1780 s

185 1807 406 1851 Ducentos
437 1823 636 1852 nummos
667 1823 824 1851 aureos
857 1809 1079 1864 Philippos
1110 1811 1270 1865 probos

187 1879 361 1922 Dabin‘?

784 1953 813 1995 C
827 1954 917 2007 hry
932 1968 949 1995 s
964 1954 1080 1995 alus

422 2024 703 2075 „Dabuntur“
738 2026 890 2079 inque3
922 2026 1146 2079 responde.

781 2127 1080 2169 Nicobulus

1208 2201 1342 2244 Dabo.

789 2270 1081 2326 Chrysalus

187 2341 299 2392 Quid
329 2355 456 2394 nunc,
487 2341 670 2397 inpure?
701 2357 803 2384 num
835 2343 938 2397 quid
971 2343 1153 2386 debetur
1183 2345 1293 2386 tibi?

187 2412 302 2463 Quid
330 2413 394 2456 illi
424 2413 698 2456 molestus's?
731 2415 833 2468 quid
865 2415 988 2457 illum
1020 2420 1158 2458 morte
1190 2418 1392 2459 territas?

184 2485 241 2527 Et
272 2499 350 2540 ego
381 2489 425 2528 te
457 2490 499 2527 et
529 2486 601 2528 ille
633 2491 870 2529 mactamus
903 2487 1153 2530 infortunio.

187 2556 232 2599 Si
263 2557 387 2600 tibist
417 2557 660 2609 machaera,
691 2563 735 2600 at
766 2558 891 2601 uobis
923 2560 1147 2601 ueruinast
1180 2560 1305 2602 domi.

275 2727 344 2762 874
367 2727 449 2763 Uah
558 2729 625 2762 875
652 2728 807 2762 seruasti
923 2729 989 2762 880
1015 2728 1194 2763 molestus
1221 2729 1303 2773 quia
1330 2729 1431 2763 illum

187 2783 295 2818 nobis
320 2784 476 2819 uerbina
502 2787 536 2819 st
560 2783 605 2826 B,
633 2787 669 2818 et
693 2784 801 2818 nobis
827 2784 959 2818 urbina
987 2788 1041 2818 est
1069 2783 1097 2818 C

1619 1348 1686 1382 875

1615 2430 1684 2463 880

1551 2729 1617 2762 882
1644 2731 1681 2763 et
