1854 3188
160 183 227 226 ΙΙΙ,
244 184 278 226 3,
293 183 418 225 83—4,
434 183 454 216 2
801 181 1014 216 Bacchides.
1599 187 1646 225 91

157 309 218 351 Ut
248 308 410 363 opinor,
441 307 560 349 illius
590 306 868 360 inspectandi
897 306 1002 347 mihi
1034 312 1148 349 esset
1179 308 1316 350 maior
1349 309 1485 362 copia.

159 381 263 423 Plus
294 380 519 431 uidissem,
553 392 682 432 quam
714 378 906 429 deceret,
939 392 1069 431 quam
1100 393 1167 420 me
1199 383 1330 433 atque
1363 379 1437 421 illo
1470 394 1652 434 aequom

1110 450 1255 504 foret]
1586 464 1653 497 485

726 521 1093 563 Mnesilochus

158 595 396 637 Perdidisti
428 608 507 646 me,
539 594 712 636 sodalis.
774 593 922 646 Egone
954 597 998 634 ut
1026 593 1147 635 illam
1178 595 1403 637 mulierem

115 683 120 688 ·
159 667 325 722 Capitis
356 681 443 709 non
472 666 682 721 perdam?
713 665 855 720 perire
885 680 952 707 me
985 665 1111 707 malis
1142 666 1289 708 malim
1320 668 1471 709 modis.

160 738 285 782 Satin
300 743 361 791 ut,
379 752 508 793 quem
525 742 573 779 tu
598 737 758 780 habeas
776 737 947 780 fidelem
963 738 1044 779 tibi
1061 742 1136 780 aut
1153 739 1255 791 quoi
1274 739 1650 791 01’0(1113,1103013οῬ

821 810 993 864 Lydus

159 882 312 935 Uiden,
343 886 392 924 ut
422 896 549 937 aegre
580 883 749 936 patitur
779 886 958 936 gnatum
989 896 1080 924 esse
1114 888 1375 937 conruptum
1405 888 1537 935 tuum,

159 954 295 996 Suum
326 954 529 1006 sodalem,
560 958 609 996 ut
639 955 757 1008 ipsus
788 969 882 996 sese
916 955 1083 996 cruciat
1114 955 1418 1009 aegritudine?
1587 969 1653 1001 490

742 1026 1069 1068 Philoxenus

156 1098 436 1151 Mnesiloche,
466 1098 548 1140 hoc
573 1102 720 1140 tecum
743 1113 832 1150 oro,
864 1103 912 1140 ut
935 1098 1052 1141 illius
1078 1100 1268 1141 animum
1285 1103 1416 1154 atque
1434 1100 1650 1154 ingenium

1110 1186 1249 1225 regas.

157 1241 296 1284 Serua
324 1242 407 1285 tibi
438 1242 630 1285 sodalem
661 1247 705 1285 et
734 1243 840 1285 mihi
969 1243 1116 1285 filium.

718 1315 1089 1358 Mnesilochus

1058 1389 1241 1431 Factum
1272 1388 1385 1431 uolo.

816 1460 989 1514 Lydus

155 1531 310 1573 Melius
342 1535 470 1584 esset,
500 1545 567 1573 me
599 1546 772 1586 quoque
804 1546 892 1573 una
924 1533 959 1574 si
992 1546 1088 1574 cum
1120 1533 1194 1575 illo
1226 1533 1505 1586 relinqueres.

738 1604 1065 1647 Philoxenus

154 1673 350 1717 Adfatim
379 1675 646 1718 Mnesilocho
680 1681 745 1718 est
776 1690 919 1718 curae.

810 1748 988 1802 Lydus

962 1820 1220 1874 Concastiga
1250 1821 1468 1862 hominem
1499 1820 1649 1874 probe,

154 1892 239 1942 Qui
270 1891 502 1934 dedecorat
531 1896 587 1944 te,
618 1906 684 1934 me
717 1892 967 1947 amicosque
999 1893 1110 1934 alios
1143 1891 1319 1946 flagitiis
1353 1894 1453 1935 suis.
1582 1904 1648 1937 495

773 1964 1104 2006 Philoxenus

155 2036 203 2078 In
233 2040 276 2078 te
309 2051 387 2090 ego
418 2037 501 2079 hoc
533 2051 640 2079 onus
673 2051 797 2078 omne
827 2037 1000 2091 inpono.
1050 2036 1179 2091 Lyde,
1211 2051 1393 2090 sequere
1426 2037 1507 2079 hac
1532 2051 1611 2078 me.

819 2109 993 2163 Lydus

1472 2165 1649 2219 Sequor

493 2308 896 2352 MNESILOCHUS
928 2309 1308 2352 ADULESCENS.

154 2395 444 2439 Inimiciorem
473 2410 587 2438 nunc
617 2401 763 2438 utrum
795 2397 970 2439 credam
1001 2399 1139 2451 magis

157 2467 412 2510 Sodalemne
445 2481 539 2510 esse
570 2482 625 2510 an
656 2469 930 2521 Bacchidem,
961 2471 1175 2511 incertum
1205 2468 1494 2511 admodumst.

246 2597 313 2630 486
337 2598 379 2630 ut
403 2606 468 2631 om.
554 2598 622 2632 488
647 2597 736 2641 quoi
760 2607 824 2632 om.
855 2597 883 2631 C
973 2599 1040 2632 439
1067 2600 1279 2642 correptum
1308 2595 1336 2629 C
1420 2597 1486 2629 493
1512 2595 1643 2629 Melius

155 2653 272 2687 multo
298 2679 306 2687 .
324 2679 352 2687 ..
368 2679 375 2687 .
402 2653 432 2688 si
457 2664 541 2687 curn
565 2654 636 2689 hoc
660 2654 888 2698 relinqueres
912 2654 948 2688 A
1074 2656 1142 2688 494
1166 2653 1406 2688 Mnesilocest
1430 2652 1482 2695 A,
1514 2651 1648 2686 Mnesi-

156 2708 264 2744 loche
288 2720 376 2744 cura
401 2712 437 2744 et
460 2709 528 2745 BG
628 2712 694 2745 495
720 2711 878 2746 amicum
904 2714 1014 2756 atque
1039 2711 1086 2754 A,
1115 2711 1251 2744 amicos
1278 2713 1386 2752 atque
1411 2708 1480 2743 BC
1581 2708 1647 2742 49ss

154 2776 245 2810 ergo
270 2765 339 2802 BG
404 2766 543 2811 inpone
566 2767 637 2802 BG
700 2769 767 2803 497
792 2768 1034 2803 Immitiorem
1058 2769 1101 2807 B,
1129 2786 1134 2791 ·
1160 2766 1324 2801 mmitior
1346 2763 1371 2800 ἔ
1401 2764 1428 2799 Ο
