<?xml version="1.0" encoding="UTF-8"?>
<!DOCTYPE html PUBLIC "-//W3C//DTD XHTML 1.0 Transitional//EN"
    "http://www.w3.org/TR/xhtml1/DTD/xhtml1-transitional.dtd">
<html xmlns="http://www.w3.org/1999/xhtml" xml:lang="en" lang="en">
 <head>
  <title>
</title>
<meta http-equiv="Content-Type" content="text/html;charset=utf-8" />
  <meta name='ocr-system' content='tesseract 3.04.00' />
  <meta name='ocr-capabilities' content='ocr_page ocr_carea ocr_par ocr_line ocrx_word'/>
</head>
<body>
  <div class='ocr_page' id='page_1' title='image "./comoediaerecensu02plauuoft_0586.png"; bbox 0 0 1897 3171; ppageno 0'>
   <div class='ocr_carea' id='block_1_1' title="bbox 284 191 1117 245">
    <p class='ocr_par' dir='ltr' id='par_1_1' title="bbox 284 191 1117 245">
     <span class='ocr_line' id='line_1_1' title="bbox 284 191 1117 245; baseline -0.013 0"><span class='ocrx_word' id='word_1_1' title='bbox 284 207 363 245; x_wconf 84' lang='grc'><strong>566</strong></span> <span class='ocrx_word' id='word_1_2' title='bbox 935 191 1117 235; x_wconf 79' lang='lat' dir='ltr'><strong>Curculio.</strong></span> 
     </span>
    </p>
   </div>
   <div class='ocr_carea' id='block_1_2' title="bbox 235 329 1774 2834">
    <p class='ocr_par' dir='ltr' id='par_1_2' title="bbox 274 329 1774 2426">
     <span class='ocr_line' id='line_1_2' title="bbox 281 329 1772 380; baseline 0.001 -11"><span class='ocrx_word' id='word_1_3' title='bbox 281 333 396 370; x_wconf 89' lang='lat' dir='ltr'><strong>Truc.</strong></span> <span class='ocrx_word' id='word_1_4' title='bbox 437 332 510 369; x_wconf 81' lang='lat'><strong>68:</strong></span> <span class='ocrx_word' id='word_1_5' title='bbox 561 329 685 378; x_wconf 89' lang='lat' dir='ltr'><strong>„Nam</strong></span> <span class='ocrx_word' id='word_1_6' title='bbox 731 343 923 380; x_wconf 80' lang='lat' dir='ltr'>nusquam</span> <span class='ocrx_word' id='word_1_7' title='bbox 970 330 1066 367; x_wconf 90' lang='lat' dir='ltr'><strong>alibi</strong></span> <span class='ocrx_word' id='word_1_8' title='bbox 1110 331 1144 368; x_wconf 87' lang='lat' dir='ltr'><strong>si</strong></span> <span class='ocrx_word' id='word_1_9' title='bbox 1183 334 1291 377; x_wconf 82' lang='lat' dir='ltr'><strong>sunt,</strong></span> <span class='ocrx_word' id='word_1_10' title='bbox 1339 332 1485 369; x_wconf 85' lang='lat' dir='ltr'><strong>circum</strong></span> <span class='ocrx_word' id='word_1_11' title='bbox 1529 333 1772 380; x_wconf 80' lang='lat' dir='ltr'><strong>argentarias</strong></span> 
     </span>
     <span class='ocr_line' id='line_1_3' title="bbox 282 396 1771 448; baseline 0.001 -10"><span class='ocrx_word' id='word_1_12' title='bbox 282 400 421 438; x_wconf 77' lang='lat' dir='ltr'><strong>scorta</strong></span> <span class='ocrx_word' id='word_1_13' title='bbox 452 402 490 436; x_wconf 77' lang='lat' dir='ltr'><strong>et</strong></span> <span class='ocrx_word' id='word_1_14' title='bbox 519 399 680 436; x_wconf 90' lang='lat' dir='ltr'><strong>lenones</strong></span> <span class='ocrx_word' id='word_1_15' title='bbox 713 398 895 435; x_wconf 74' lang='lat' dir='ltr'><strong>adsident</strong></span> <span class='ocrx_word' id='word_1_16' title='bbox 935 396 1142 436; x_wconf 84' lang='lat' dir='ltr'><strong>cottidie“.</strong></span> <span class='ocrx_word' id='word_1_17' title='bbox 1186 418 1234 423; x_wconf 93' lang='lat'>—</span> <span class='ocrx_word' id='word_1_18' title='bbox 1279 399 1373 436; x_wconf 78' lang='lat'>472.</span> <span class='ocrx_word' id='word_1_19' title='bbox 1417 396 1632 448; x_wconf 71' lang='lat' dir='ltr'><strong>stipulari,</strong></span> <span class='ocrx_word' id='word_1_20' title='bbox 1681 415 1771 439; x_wconf 91' lang='lat' dir='ltr'><strong>con-</strong></span> 
     </span>
     <span class='ocr_line' id='line_1_4' title="bbox 279 466 1769 516; baseline 0.001 -11"><span class='ocrx_word' id='word_1_21' title='bbox 279 471 430 505; x_wconf 76' lang='lat' dir='ltr'><strong>tractus</strong></span> <span class='ocrx_word' id='word_1_22' title='bbox 462 469 660 515; x_wconf 77' lang='lat' dir='ltr'><strong>conceptis</strong></span> <span class='ocrx_word' id='word_1_23' title='bbox 690 467 822 503; x_wconf 86' lang='lat' dir='ltr'><strong>verbis</strong></span> <span class='ocrx_word' id='word_1_24' title='bbox 852 467 993 513; x_wconf 86' lang='lat' dir='ltr'><strong>facere,</strong></span> <span class='ocrx_word' id='word_1_25' title='bbox 1029 466 1075 505; x_wconf 88' lang='lat' dir='ltr'><strong>cf.</strong></span> <span class='ocrx_word' id='word_1_26' title='bbox 1101 466 1244 504; x_wconf 81' lang='lat' dir='ltr'><strong>Pseud.</strong></span> <span class='ocrx_word' id='word_1_27' title='bbox 1274 466 1392 504; x_wconf 83' lang='grc'>1076.</span> <span class='ocrx_word' id='word_1_28' title='bbox 1453 467 1531 504; x_wconf 84' lang='lat' dir='ltr'><strong>Eos</strong></span> <span class='ocrx_word' id='word_1_29' title='bbox 1561 468 1769 516; x_wconf 74' lang='lat' dir='ltr'><strong>significat,</strong></span> 
     </span>
     <span class='ocr_line' id='line_1_5' title="bbox 281 533 1771 587; baseline 0 -13"><span class='ocrx_word' id='word_1_30' title='bbox 281 538 348 587; x_wconf 91' lang='lat' dir='ltr'><strong>qui</strong></span> <span class='ocrx_word' id='word_1_31' title='bbox 385 537 425 572; x_wconf 84' lang='lat' dir='ltr'><strong>in</strong></span> <span class='ocrx_word' id='word_1_32' title='bbox 462 535 578 572; x_wconf 87' lang='lat' dir='ltr'><strong>rebus</strong></span> <span class='ocrx_word' id='word_1_33' title='bbox 617 534 898 572; x_wconf 69' lang='lat' dir='ltr'><strong>contrahendis</strong></span> <span class='ocrx_word' id='word_1_34' title='bbox 935 547 1012 571; x_wconf 90' lang='lat' dir='ltr'><strong>non</strong></span> <span class='ocrx_word' id='word_1_35' title='bbox 1053 534 1156 571; x_wconf 87' lang='lat' dir='ltr'><strong>bona</strong></span> <span class='ocrx_word' id='word_1_36' title='bbox 1193 533 1271 571; x_wconf 86' lang='lat' dir='ltr'><strong>fide</strong></span> <span class='ocrx_word' id='word_1_37' title='bbox 1318 537 1495 572; x_wconf 80' lang='lat' dir='ltr'><strong>contenti</strong></span> <span class='ocrx_word' id='word_1_38' title='bbox 1540 540 1655 583; x_wconf 79' lang='lat' dir='ltr'><strong>sunt,</strong></span> <span class='ocrx_word' id='word_1_39' title='bbox 1703 537 1771 574; x_wconf 90' lang='lat' dir='ltr'><strong>sed</strong></span> 
     </span>
     <span class='ocr_line' id='line_1_6' title="bbox 280 602 1771 652; baseline 0 -10"><span class='ocrx_word' id='word_1_40' title='bbox 280 605 413 643; x_wconf 84' lang='lat' dir='ltr'><strong>omnia</strong></span> <span class='ocrx_word' id='word_1_41' title='bbox 441 604 538 640; x_wconf 85' lang='lat' dir='ltr'><strong>iuris</strong></span> <span class='ocrx_word' id='word_1_42' title='bbox 569 603 734 640; x_wconf 83' lang='lat' dir='ltr'><strong>vinculis</strong></span> <span class='ocrx_word' id='word_1_43' title='bbox 766 604 1053 652; x_wconf 75' lang='lat' dir='ltr'><strong>constringunt.</strong></span> <span class='ocrx_word' id='word_1_44' title='bbox 1115 602 1273 640; x_wconf 86' lang='lat' dir='ltr'><strong>Sueton.</strong></span> <span class='ocrx_word' id='word_1_45' title='bbox 1306 602 1439 639; x_wconf 87' lang='lat' dir='ltr'><strong>Vitell.</strong></span> <span class='ocrx_word' id='word_1_46' title='bbox 1477 604 1547 640; x_wconf 86' lang='lat'><strong>14:</strong></span> <span class='ocrx_word' id='word_1_47' title='bbox 1599 604 1771 651; x_wconf 89' lang='lat' dir='ltr'><strong>„fenera-</strong></span> 
     </span>
     <span class='ocr_line' id='line_1_7' title="bbox 279 671 1773 721; baseline 0.001 -11"><span class='ocrx_word' id='word_1_48' title='bbox 279 677 409 710; x_wconf 75' lang='lat' dir='ltr'><strong>torum</strong></span> <span class='ocrx_word' id='word_1_49' title='bbox 450 675 487 709; x_wconf 75' lang='lat' dir='ltr'><strong>et</strong></span> <span class='ocrx_word' id='word_1_50' title='bbox 525 671 804 720; x_wconf 74' lang='lat' dir='ltr'>stipulatorum</span> <span class='ocrx_word' id='word_1_51' title='bbox 835 671 1235 721; x_wconf 84' lang='lat' dir='ltr'><strong>publicanorumque,</strong></span> <span class='ocrx_word' id='word_1_52' title='bbox 1284 671 1351 720; x_wconf 92' lang='lat' dir='ltr'><strong>qui</strong></span> <span class='ocrx_word' id='word_1_53' title='bbox 1397 684 1581 720; x_wconf 82' lang='lat' dir='ltr'><strong>umquam</strong></span> <span class='ocrx_word' id='word_1_54' title='bbox 1621 686 1661 709; x_wconf 88' lang='lat' dir='ltr'><strong>se</strong></span> <span class='ocrx_word' id='word_1_55' title='bbox 1704 677 1773 711; x_wconf 74' lang='lat' dir='ltr'><strong>aut</strong></span> 
     </span>
     <span class='ocr_line' id='line_1_8' title="bbox 279 738 1772 790; baseline -0.001 -11"><span class='ocrx_word' id='word_1_56' title='bbox 279 741 413 779; x_wconf 87' lang='lat' dir='ltr'><strong>Romae</strong></span> <span class='ocrx_word' id='word_1_57' title='bbox 445 740 623 777; x_wconf 72' lang='lat' dir='ltr'><strong>debitum</strong></span> <span class='ocrx_word' id='word_1_58' title='bbox 655 743 721 776; x_wconf 81' lang='lat' dir='ltr'><strong>aut</strong></span> <span class='ocrx_word' id='word_1_59' title='bbox 751 741 791 776; x_wconf 90' lang='lat' dir='ltr'><strong>in</strong></span> <span class='ocrx_word' id='word_1_60' title='bbox 822 741 884 776; x_wconf 89' lang='lat' dir='ltr'><strong>via</strong></span> <span class='ocrx_word' id='word_1_61' title='bbox 910 739 1131 789; x_wconf 87' lang='lat' dir='ltr'><strong>portorium</strong></span> <span class='ocrx_word' id='word_1_62' title='bbox 1158 738 1414 788; x_wconf 70' lang='lat' dir='ltr'><strong>flagitassent,</strong></span> <span class='ocrx_word' id='word_1_63' title='bbox 1447 740 1512 775; x_wconf 76' lang='lat' dir='ltr'><strong>vix</strong></span> <span class='ocrx_word' id='word_1_64' title='bbox 1538 741 1606 777; x_wconf 89' lang='lat' dir='ltr'><strong>ulli</strong></span> <span class='ocrx_word' id='word_1_65' title='bbox 1632 754 1772 790; x_wconf 87' lang='lat' dir='ltr'><strong>peper-</strong></span> 
     </span>
     <span class='ocr_line' id='line_1_9' title="bbox 281 803 1770 856; baseline 0 -10"><span class='ocrx_word' id='word_1_66' title='bbox 281 807 373 847; x_wconf 65' lang='lat' dir='ltr'><strong>ciff‘.</strong></span> <span class='ocrx_word' id='word_1_67' title='bbox 404 828 461 833; x_wconf 81' lang='lat'><strong>-—</strong></span> <span class='ocrx_word' id='word_1_68' title='bbox 491 809 585 845; x_wconf 85' lang='lat'>473.</span> <span class='ocrx_word' id='word_1_69' title='bbox 629 803 919 856; x_wconf 69' lang='lat' dir='ltr'><strong>Symbolarum</strong></span> <span class='ocrx_word' id='word_1_70' title='bbox 954 803 1202 852; x_wconf 41' lang='lat' dir='ltr'><strong>conlatorem</strong></span> <span class='ocrx_word' id='word_1_71' title='bbox 1241 804 1404 844; x_wconf 78' lang='lat' dir='ltr'><strong>..erunt⁴‘</strong></span> <span class='ocrx_word' id='word_1_72' title='bbox 1440 807 1566 845; x_wconf 86' lang='lat' dir='ltr'><strong>audiri</strong></span> <span class='ocrx_word' id='word_1_73' title='bbox 1599 808 1770 846; x_wconf 84' lang='lat' dir='ltr'><strong>videtur.</strong></span> 
     </span>
     <span class='ocr_line' id='line_1_10' title="bbox 279 875 1770 927; baseline 0 -12"><span class='ocrx_word' id='word_1_74' title='bbox 279 877 482 927; x_wconf 78' lang='lat' dir='ltr'><strong>symbolas</strong></span> <span class='ocrx_word' id='word_1_75' title='bbox 521 875 746 921; x_wconf 86' lang='lat' dir='ltr'><strong>conferunt,</strong></span> <span class='ocrx_word' id='word_1_76' title='bbox 795 877 862 925; x_wconf 89' lang='lat' dir='ltr'><strong>qui</strong></span> <span class='ocrx_word' id='word_1_77' title='bbox 910 876 1103 912; x_wconf 84' lang='lat' dir='ltr'><strong>communi</strong></span> <span class='ocrx_word' id='word_1_78' title='bbox 1145 878 1305 924; x_wconf 82' lang='lat' dir='ltr'><strong>sumptu</strong></span> <span class='ocrx_word' id='word_1_79' title='bbox 1348 877 1521 912; x_wconf 73' lang='lat' dir='ltr'>cenaturi</span> <span class='ocrx_word' id='word_1_80' title='bbox 1561 880 1674 923; x_wconf 82' lang='lat' dir='ltr'><strong>sunt,</strong></span> <span class='ocrx_word' id='word_1_81' title='bbox 1723 878 1770 915; x_wconf 86' lang='lat' dir='ltr'><strong>cf.</strong></span> 
     </span>
     <span class='ocr_line' id='line_1_11' title="bbox 279 942 1772 996; baseline -0.001 -13"><span class='ocrx_word' id='word_1_82' title='bbox 279 945 395 996; x_wconf 81' lang='lat' dir='ltr'><strong>Epid.</strong></span> <span class='ocrx_word' id='word_1_83' title='bbox 433 945 523 981; x_wconf 78' lang='lat'>126.</span> <span class='ocrx_word' id='word_1_84' title='bbox 585 943 704 980; x_wconf 76' lang='lat' dir='ltr'><strong>Stich.</strong></span> <span class='ocrx_word' id='word_1_85' title='bbox 738 944 840 980; x_wconf 82' lang='lat'><strong>439:</strong></span> <span class='ocrx_word' id='word_1_86' title='bbox 892 943 1135 992; x_wconf 80' lang='lat' dir='ltr'>„symbolam</span> <span class='ocrx_word' id='word_1_87' title='bbox 1176 942 1278 980; x_wconf 83' lang='lat' dir='ltr'><strong>dabo</strong></span> <span class='ocrx_word' id='word_1_88' title='bbox 1321 950 1356 979; x_wconf 76' lang='lat' dir='ltr'><strong>et</strong></span> <span class='ocrx_word' id='word_1_89' title='bbox 1399 943 1541 980; x_wconf 89' lang='lat' dir='ltr'><strong>iubebo</strong></span> <span class='ocrx_word' id='word_1_90' title='bbox 1573 945 1623 981; x_wconf 90' lang='lat' dir='ltr'><strong>ad</strong></span> <span class='ocrx_word' id='word_1_91' title='bbox 1654 944 1772 993; x_wconf 82' lang='lat' dir='ltr'><strong>Saga-</strong></span> 
     </span>
     <span class='ocr_line' id='line_1_12' title="bbox 279 1009 1773 1060; baseline 0 -10"><span class='ocrx_word' id='word_1_92' title='bbox 279 1014 407 1050; x_wconf 89' lang='lat' dir='ltr'><strong>rinum</strong></span> <span class='ocrx_word' id='word_1_93' title='bbox 439 1025 571 1048; x_wconf 80' lang='lat' dir='ltr'><strong>cenam</strong></span> <span class='ocrx_word' id='word_1_94' title='bbox 603 1009 757 1060; x_wconf 74' lang='lat' dir='ltr'><strong>coqui‘&#39;.</strong></span> <span class='ocrx_word' id='word_1_95' title='bbox 813 1011 901 1048; x_wconf 85' lang='lat' dir='ltr'><strong>Ter.</strong></span> <span class='ocrx_word' id='word_1_96' title='bbox 933 1012 1055 1049; x_wconf 88' lang='lat' dir='ltr'><strong>Andr.</strong></span> <span class='ocrx_word' id='word_1_97' title='bbox 1091 1013 1155 1049; x_wconf 75' lang='lat'><strong>88.</strong></span> <span class='ocrx_word' id='word_1_98' title='bbox 1202 1010 1301 1049; x_wconf 88' lang='lat' dir='ltr'><strong>Eun.</strong></span> <span class='ocrx_word' id='word_1_99' title='bbox 1339 1013 1430 1049; x_wconf 80' lang='lat'><strong>540.</strong></span> <span class='ocrx_word' id='word_1_100' title='bbox 1493 1012 1573 1050; x_wconf 87' lang='lat' dir='ltr'><strong>Hos</strong></span> <span class='ocrx_word' id='word_1_101' title='bbox 1606 1014 1773 1050; x_wconf 83' lang='lat' dir='ltr'><strong>inveniri</strong></span> 
     </span>
     <span class='ocr_line' id='line_1_13' title="bbox 279 1079 1771 1129; baseline -0.001 -10"><span class='ocrx_word' id='word_1_102' title='bbox 279 1080 555 1125; x_wconf 85' lang='lat' dir='ltr'><strong>conveniebat,</strong></span> <span class='ocrx_word' id='word_1_103' title='bbox 602 1079 670 1116; x_wconf 91' lang='lat' dir='ltr'><strong>ubi</strong></span> <span class='ocrx_word' id='word_1_104' title='bbox 715 1084 943 1129; x_wconf 77' lang='lat' dir='ltr'><strong>prostarent</strong></span> <span class='ocrx_word' id='word_1_105' title='bbox 990 1081 1138 1129; x_wconf 82' lang='lat' dir='ltr'><strong>pisces,</strong></span> <span class='ocrx_word' id='word_1_106' title='bbox 1187 1080 1209 1116; x_wconf 84' lang='lat' dir='ltr'><strong>i.</strong></span> <span class='ocrx_word' id='word_1_107' title='bbox 1253 1092 1286 1116; x_wconf 87' lang='lat' dir='ltr'><strong>e.</strong></span> <span class='ocrx_word' id='word_1_108' title='bbox 1330 1079 1433 1129; x_wconf 83' lang='lat' dir='ltr'><strong>apud</strong></span> <span class='ocrx_word' id='word_1_109' title='bbox 1480 1081 1686 1118; x_wconf 76' lang='lat' dir='ltr'>macellum</span> <span class='ocrx_word' id='word_1_110' title='bbox 1733 1086 1771 1118; x_wconf 85' lang='lat' dir='ltr'><strong>et</strong></span> 
     </span>
     <span class='ocr_line' id='line_1_14' title="bbox 279 1145 1773 1199; baseline 0 -13"><span class='ocrx_word' id='word_1_111' title='bbox 279 1148 419 1199; x_wconf 77' lang='lat' dir='ltr'><strong>forum</strong></span> <span class='ocrx_word' id='word_1_112' title='bbox 447 1145 695 1197; x_wconf 72' lang='lat' dir='ltr'><strong>piscarium,</strong></span> <span class='ocrx_word' id='word_1_113' title='bbox 737 1148 844 1197; x_wconf 87' lang='lat' dir='ltr'><strong>quod</strong></span> <span class='ocrx_word' id='word_1_114' title='bbox 869 1147 1005 1185; x_wconf 85' lang='lat' dir='ltr'><strong>Livius</strong></span> <span class='ocrx_word' id='word_1_115' title='bbox 1029 1147 1179 1194; x_wconf 84' lang='lat' dir='ltr'>XXVI,</span> <span class='ocrx_word' id='word_1_116' title='bbox 1207 1149 1271 1193; x_wconf 77' lang='lat'><strong>27,</strong></span> <span class='ocrx_word' id='word_1_117' title='bbox 1307 1149 1327 1185; x_wconf 85' lang='lat'><strong>3</strong></span> <span class='ocrx_word' id='word_1_118' title='bbox 1358 1153 1394 1184; x_wconf 78' lang='lat' dir='ltr'><strong>et</strong></span> <span class='ocrx_word' id='word_1_119' title='bbox 1417 1147 1500 1194; x_wconf 87' lang='lat' dir='ltr'><strong>XL,</strong></span> <span class='ocrx_word' id='word_1_120' title='bbox 1537 1150 1599 1194; x_wconf 84' lang='lat'><strong>51,</strong></span> <span class='ocrx_word' id='word_1_121' title='bbox 1635 1152 1655 1186; x_wconf 80' lang='lat'>5</span> <span class='ocrx_word' id='word_1_122' title='bbox 1693 1151 1773 1199; x_wconf 86' lang='lat' dir='ltr'><strong>„pi-</strong></span> 
     </span>
     <span class='ocr_line' id='line_1_15' title="bbox 277 1214 1771 1266; baseline 0.001 -12"><span class='ocrx_word' id='word_1_123' title='bbox 277 1214 514 1254; x_wconf 85' lang='lat' dir='ltr'><strong>scatorium“</strong></span> <span class='ocrx_word' id='word_1_124' title='bbox 557 1216 664 1254; x_wconf 87' lang='lat' dir='ltr'><strong>dicit.</strong></span> <span class='ocrx_word' id='word_1_125' title='bbox 738 1216 820 1254; x_wconf 88' lang='lat' dir='ltr'><strong>Hoc</strong></span> <span class='ocrx_word' id='word_1_126' title='bbox 860 1216 1031 1253; x_wconf 81' lang='lat' dir='ltr'><strong>basilicae</strong></span> <span class='ocrx_word' id='word_1_127' title='bbox 1077 1217 1247 1253; x_wconf 81' lang='lat' dir='ltr'><strong>vicinum</strong></span> <span class='ocrx_word' id='word_1_128' title='bbox 1293 1216 1411 1253; x_wconf 88' lang='lat' dir='ltr'><strong>fuisse</strong></span> <span class='ocrx_word' id='word_1_129' title='bbox 1450 1230 1497 1253; x_wconf 83' lang='lat' dir='ltr'><strong>ex</strong></span> <span class='ocrx_word' id='word_1_130' title='bbox 1537 1216 1650 1266; x_wconf 72' lang='lat' dir='ltr'><strong>capt.</strong></span> <span class='ocrx_word' id='word_1_131' title='bbox 1693 1219 1771 1255; x_wconf 80' lang='lat'><strong>807</strong></span> 
     </span>
     <span class='ocr_line' id='line_1_16' title="bbox 278 1284 1771 1333; baseline -0.001 -10"><span class='ocrx_word' id='word_1_132' title='bbox 278 1288 434 1331; x_wconf 81' lang='lat' dir='ltr'><strong>scimus,</strong></span> <span class='ocrx_word' id='word_1_133' title='bbox 477 1298 547 1322; x_wconf 90' lang='lat' dir='ltr'><strong>nec</strong></span> <span class='ocrx_word' id='word_1_134' title='bbox 581 1284 793 1322; x_wconf 84' lang='lat' dir='ltr'><strong>abhorrent</strong></span> <span class='ocrx_word' id='word_1_135' title='bbox 826 1285 929 1322; x_wconf 87' lang='lat' dir='ltr'><strong>Livii</strong></span> <span class='ocrx_word' id='word_1_136' title='bbox 960 1284 1048 1321; x_wconf 87' lang='lat' dir='ltr'><strong>loci.</strong></span> <span class='ocrx_word' id='word_1_137' title='bbox 1110 1284 1200 1321; x_wconf 79' lang='lat' dir='ltr'><strong>Noli</strong></span> <span class='ocrx_word' id='word_1_138' title='bbox 1231 1286 1354 1333; x_wconf 81' lang='lat' dir='ltr'><strong>igitur</strong></span> <span class='ocrx_word' id='word_1_139' title='bbox 1383 1285 1579 1323; x_wconf 76' lang='lat' dir='ltr'><strong>Urlichsio</strong></span> <span class='ocrx_word' id='word_1_140' title='bbox 1612 1285 1771 1322; x_wconf 84' lang='lat' dir='ltr'><strong>credere</strong></span> 
     </span>
     <span class='ocr_line' id='line_1_17' title="bbox 277 1352 1774 1403; baseline 0 -13"><span class='ocrx_word' id='word_1_141' title='bbox 277 1353 379 1391; x_wconf 88' lang='lat' dir='ltr'><strong>hunc</strong></span> <span class='ocrx_word' id='word_1_142' title='bbox 412 1366 567 1390; x_wconf 88' lang='lat' dir='ltr'><strong>versum</strong></span> <span class='ocrx_word' id='word_1_143' title='bbox 590 1358 681 1403; x_wconf 82' lang='lat' dir='ltr'><strong>post</strong></span> <span class='ocrx_word' id='word_1_144' title='bbox 705 1354 784 1390; x_wconf 77' lang='lat'><strong>479</strong></span> <span class='ocrx_word' id='word_1_145' title='bbox 810 1352 1038 1402; x_wconf 89' lang='lat' dir='ltr'><strong>ponendum</strong></span> <span class='ocrx_word' id='word_1_146' title='bbox 1066 1366 1159 1398; x_wconf 86' lang='lat' dir='ltr'><strong>esse,</strong></span> <span class='ocrx_word' id='word_1_147' title='bbox 1192 1357 1235 1389; x_wconf 90' lang='lat' dir='ltr'><strong>ut</strong></span> <span class='ocrx_word' id='word_1_148' title='bbox 1260 1352 1361 1390; x_wconf 90' lang='lat' dir='ltr'><strong>idem</strong></span> <span class='ocrx_word' id='word_1_149' title='bbox 1386 1353 1562 1390; x_wconf 84' lang='lat' dir='ltr'><strong>locorum</strong></span> <span class='ocrx_word' id='word_1_150' title='bbox 1588 1366 1774 1390; x_wconf 87' lang='lat' dir='ltr'><strong>numerus</strong></span> 
     </span>
     <span class='ocr_line' id='line_1_18' title="bbox 277 1421 1774 1471; baseline 0.001 -14"><span class='ocrx_word' id='word_1_151' title='bbox 277 1422 318 1458; x_wconf 90' lang='lat' dir='ltr'><strong>in</strong></span> <span class='ocrx_word' id='word_1_152' title='bbox 348 1426 518 1470; x_wconf 90' lang='lat' dir='ltr'><strong>utroque</strong></span> <span class='ocrx_word' id='word_1_153' title='bbox 549 1421 624 1457; x_wconf 86' lang='lat' dir='ltr'><strong>fori</strong></span> <span class='ocrx_word' id='word_1_154' title='bbox 655 1421 778 1457; x_wconf 77' lang='lat' dir='ltr'><strong>latere</strong></span> <span class='ocrx_word' id='word_1_155' title='bbox 808 1422 1053 1467; x_wconf 84' lang='lat' dir='ltr'><strong>nominetur;</strong></span> <span class='ocrx_word' id='word_1_156' title='bbox 1088 1421 1193 1470; x_wconf 86' lang='lat' dir='ltr'><strong>quod</strong></span> <span class='ocrx_word' id='word_1_157' title='bbox 1220 1421 1400 1470; x_wconf 85' lang='lat' dir='ltr'><strong>equidem</strong></span> <span class='ocrx_word' id='word_1_158' title='bbox 1426 1421 1607 1458; x_wconf 79' lang='lat' dir='ltr'><strong>Plautum</strong></span> <span class='ocrx_word' id='word_1_159' title='bbox 1633 1434 1774 1471; x_wconf 84' lang='lat' dir='ltr'><strong>parum</strong></span> 
     </span>
     <span class='ocr_line' id='line_1_19' title="bbox 277 1489 1773 1539; baseline 0 -13"><span class='ocrx_word' id='word_1_160' title='bbox 277 1503 433 1527; x_wconf 80' lang='lat' dir='ltr'><strong>curasse</strong></span> <span class='ocrx_word' id='word_1_161' title='bbox 473 1489 611 1535; x_wconf 70' lang='lat' dir='ltr'><strong>credo,</strong></span> <span class='ocrx_word' id='word_1_162' title='bbox 657 1490 912 1539; x_wconf 85' lang='lat' dir='ltr'><strong>piscatorium</strong></span> <span class='ocrx_word' id='word_1_163' title='bbox 953 1493 1083 1526; x_wconf 78' lang='lat' dir='ltr'><strong>autem</strong></span> <span class='ocrx_word' id='word_1_164' title='bbox 1121 1489 1249 1526; x_wconf 87' lang='lat' dir='ltr'><strong>forum</strong></span> <span class='ocrx_word' id='word_1_165' title='bbox 1283 1503 1303 1526; x_wconf 86' lang='lat' dir='ltr'><strong>a</strong></span> <span class='ocrx_word' id='word_1_166' title='bbox 1336 1489 1499 1526; x_wconf 87' lang='lat' dir='ltr'><strong>meridie</strong></span> <span class='ocrx_word' id='word_1_167' title='bbox 1537 1490 1613 1527; x_wconf 87' lang='lat' dir='ltr'><strong>fori</strong></span> <span class='ocrx_word' id='word_1_168' title='bbox 1654 1489 1773 1527; x_wconf 88' lang='lat' dir='ltr'><strong>fuisse</strong></span> 
     </span>
     <span class='ocr_line' id='line_1_20' title="bbox 277 1557 1768 1606; baseline 0 -11"><span class='ocrx_word' id='word_1_169' title='bbox 277 1559 438 1596; x_wconf 88' lang='lat' dir='ltr'><strong>omnino</strong></span> <span class='ocrx_word' id='word_1_170' title='bbox 489 1558 712 1605; x_wconf 56' lang='lat' dir='ltr'><strong>ignoratum</strong></span> <span class='ocrx_word' id='word_1_171' title='bbox 758 1570 847 1594; x_wconf 86' lang='lat' dir='ltr'><strong>nam</strong></span> <span class='ocrx_word' id='word_1_172' title='bbox 888 1571 934 1594; x_wconf 85' lang='lat' dir='ltr'><strong>ex</strong></span> <span class='ocrx_word' id='word_1_173' title='bbox 981 1561 1167 1606; x_wconf 82' lang='lat' dir='ltr'><strong>corrupto</strong></span> <span class='ocrx_word' id='word_1_174' title='bbox 1207 1557 1398 1595; x_wconf 80' lang='lat' dir='ltr'><strong>Varronis</strong></span> <span class='ocrx_word' id='word_1_175' title='bbox 1443 1558 1529 1595; x_wconf 88' lang='lat' dir='ltr'><strong>loco</strong></span> <span class='ocrx_word' id='word_1_176' title='bbox 1570 1557 1612 1595; x_wconf 91' lang='lat' dir='ltr'><strong>L.</strong></span> <span class='ocrx_word' id='word_1_177' title='bbox 1646 1557 1689 1595; x_wconf 91' lang='lat' dir='ltr'><strong>L.</strong></span> <span class='ocrx_word' id='word_1_178' title='bbox 1725 1558 1768 1604; x_wconf 90' lang='lat' dir='ltr'><strong>V,</strong></span> 
     </span>
     <span class='ocr_line' id='line_1_21' title="bbox 281 1621 1768 1674; baseline -0.001 -11"><span class='ocrx_word' id='word_1_179' title='bbox 281 1627 358 1664; x_wconf 85' lang='grc'><strong>146</strong></span> <span class='ocrx_word' id='word_1_180' title='bbox 391 1626 489 1663; x_wconf 87' lang='lat' dir='ltr'><strong>nihil</strong></span> <span class='ocrx_word' id='word_1_181' title='bbox 530 1625 712 1663; x_wconf 79' lang='lat' dir='ltr'><strong>efficitur.</strong></span> <span class='ocrx_word' id='word_1_182' title='bbox 751 1645 807 1650; x_wconf 87' lang='lat'><strong>—</strong></span> <span class='ocrx_word' id='word_1_183' title='bbox 855 1627 950 1664; x_wconf 85' lang='lat'>474.</span> <span class='ocrx_word' id='word_1_184' title='bbox 999 1621 1154 1663; x_wconf 75' lang='lat' dir='ltr'><strong>Forum</strong></span> <span class='ocrx_word' id='word_1_185' title='bbox 1192 1622 1379 1674; x_wconf 71' lang='lat' dir='ltr'><strong>inftmmn</strong></span> <span class='ocrx_word' id='word_1_186' title='bbox 1412 1625 1627 1672; x_wconf 80' lang='lat' dir='ltr'><strong>Beckerus,</strong></span> <span class='ocrx_word' id='word_1_187' title='bbox 1675 1626 1768 1663; x_wconf 86' lang='lat' dir='ltr'><strong>Ant.</strong></span> 
     </span>
     <span class='ocr_line' id='line_1_22' title="bbox 276 1693 1767 1744; baseline -0.001 -12"><span class='ocrx_word' id='word_1_188' title='bbox 276 1695 389 1732; x_wconf 88' lang='lat' dir='ltr'><strong>Rom.</strong></span> <span class='ocrx_word' id='word_1_189' title='bbox 422 1694 458 1740; x_wconf 90' lang='lat' dir='ltr'><strong>I,</strong></span> <span class='ocrx_word' id='word_1_190' title='bbox 499 1708 538 1744; x_wconf 88' lang='lat' dir='ltr'><strong>p.</strong></span> <span class='ocrx_word' id='word_1_191' title='bbox 574 1695 651 1732; x_wconf 80' lang='lat'><strong>328</strong></span> <span class='ocrx_word' id='word_1_192' title='bbox 699 1695 800 1731; x_wconf 86' lang='lat' dir='ltr'><strong>male</strong></span> <span class='ocrx_word' id='word_1_193' title='bbox 845 1698 997 1743; x_wconf 83' lang='lat' dir='ltr'><strong>partem</strong></span> <span class='ocrx_word' id='word_1_194' title='bbox 1045 1693 1241 1744; x_wconf 79' lang='lat' dir='ltr'><strong>Capitolio</strong></span> <span class='ocrx_word' id='word_1_195' title='bbox 1288 1694 1503 1731; x_wconf 79' lang='lat' dir='ltr'><strong>subiectam</strong></span> <span class='ocrx_word' id='word_1_196' title='bbox 1550 1695 1767 1741; x_wconf 76' lang='lat' dir='ltr'><strong>intellexit3</strong></span> 
     </span>
     <span class='ocr_line' id='line_1_23' title="bbox 276 1762 1766 1812; baseline 0.001 -13"><span class='ocrx_word' id='word_1_197' title='bbox 276 1762 377 1799; x_wconf 86' lang='lat' dir='ltr'><strong>idem</strong></span> <span class='ocrx_word' id='word_1_198' title='bbox 411 1763 513 1799; x_wconf 89' lang='lat' dir='ltr'><strong>enim</strong></span> <span class='ocrx_word' id='word_1_199' title='bbox 547 1762 651 1812; x_wconf 86' lang='lat' dir='ltr'><strong>apud</strong></span> <span class='ocrx_word' id='word_1_200' title='bbox 682 1762 780 1799; x_wconf 85' lang='lat' dir='ltr'><strong>Plin.</strong></span> <span class='ocrx_word' id='word_1_201' title='bbox 810 1762 857 1799; x_wconf 95' lang='lat' dir='ltr'><strong>H.</strong></span> <span class='ocrx_word' id='word_1_202' title='bbox 887 1762 933 1799; x_wconf 80' lang='lat' dir='ltr'><strong>N.</strong></span> <span class='ocrx_word' id='word_1_203' title='bbox 960 1762 1028 1808; x_wconf 87' lang='lat' dir='ltr'>III,</span> <span class='ocrx_word' id='word_1_204' title='bbox 1067 1766 1100 1808; x_wconf 79' lang='lat'><strong>5,</strong></span> <span class='ocrx_word' id='word_1_205' title='bbox 1140 1764 1174 1808; x_wconf 83' lang='lat'><strong>9,</strong></span> <span class='ocrx_word' id='word_1_206' title='bbox 1214 1763 1263 1800; x_wconf 89' lang='grc'><strong>66</strong></span> <span class='ocrx_word' id='word_1_207' title='bbox 1302 1767 1443 1812; x_wconf 58' lang='lat' dir='ltr'><strong>„caput</strong></span> <span class='ocrx_word' id='word_1_208' title='bbox 1477 1762 1576 1800; x_wconf 49' lang='lat' dir='ltr'><strong>fori*</strong></span> <span class='ocrx_word' id='word_1_209' title='bbox 1611 1763 1766 1800; x_wconf 82' lang='lat' dir='ltr'><strong>dicitur.</strong></span> 
     </span>
     <span class='ocr_line' id='line_1_24' title="bbox 275 1830 1771 1880; baseline 0.001 -13"><span class='ocrx_word' id='word_1_210' title='bbox 275 1830 348 1868; x_wconf 81' lang='lat' dir='ltr'><strong>Est</strong></span> <span class='ocrx_word' id='word_1_211' title='bbox 386 1832 509 1878; x_wconf 83' lang='lat' dir='ltr'><strong>igitur</strong></span> <span class='ocrx_word' id='word_1_212' title='bbox 548 1832 745 1868; x_wconf 74' lang='lat' dir='ltr'><strong>contraria</strong></span> <span class='ocrx_word' id='word_1_213' title='bbox 783 1844 895 1880; x_wconf 78' lang='lat' dir='ltr'><strong>pars,</strong></span> <span class='ocrx_word' id='word_1_214' title='bbox 937 1830 1087 1867; x_wconf 79' lang='lat' dir='ltr'><strong>Veliam</strong></span> <span class='ocrx_word' id='word_1_215' title='bbox 1127 1844 1272 1868; x_wconf 72' lang='lat' dir='ltr'><strong>versus.</strong></span> <span class='ocrx_word' id='word_1_216' title='bbox 1352 1831 1533 1868; x_wconf 87' lang='lat' dir='ltr'><strong>Ceterum</strong></span> <span class='ocrx_word' id='word_1_217' title='bbox 1573 1831 1771 1868; x_wconf 85' lang='lat' dir='ltr'><strong>Beckerus</strong></span> 
     </span>
     <span class='ocr_line' id='line_1_25' title="bbox 277 1898 1768 1948; baseline -0.001 -11"><span class='ocrx_word' id='word_1_218' title='bbox 277 1913 362 1937; x_wconf 90' lang='lat' dir='ltr'><strong>cum</strong></span> <span class='ocrx_word' id='word_1_219' title='bbox 395 1899 430 1936; x_wconf 90' lang='lat' dir='ltr'><strong>h.</strong></span> <span class='ocrx_word' id='word_1_220' title='bbox 456 1899 481 1937; x_wconf 91' lang='lat' dir='ltr'><strong>l.</strong></span> <span class='ocrx_word' id='word_1_221' title='bbox 510 1903 711 1948; x_wconf 85' lang='lat' dir='ltr'><strong>comparat</strong></span> <span class='ocrx_word' id='word_1_222' title='bbox 737 1899 814 1936; x_wconf 81' lang='lat' dir='ltr'><strong>Cic.</strong></span> <span class='ocrx_word' id='word_1_223' title='bbox 841 1898 949 1936; x_wconf 77' lang='lat' dir='ltr'><strong>Orat.</strong></span> <span class='ocrx_word' id='word_1_224' title='bbox 975 1898 1044 1937; x_wconf 84' lang='lat' dir='ltr'><strong>III.</strong></span> <span class='ocrx_word' id='word_1_225' title='bbox 1073 1900 1137 1945; x_wconf 83' lang='lat'><strong>33,</strong></span> <span class='ocrx_word' id='word_1_226' title='bbox 1176 1900 1273 1935; x_wconf 82' lang='lat'><strong>133:</strong></span> <span class='ocrx_word' id='word_1_227' title='bbox 1311 1899 1400 1936; x_wconf 52' lang='lat' dir='ltr'><strong>..MR</strong></span> <span class='ocrx_word' id='word_1_228' title='bbox 1435 1911 1526 1935; x_wconf 83' lang='lat' dir='ltr'><strong>vero</strong></span> <span class='ocrx_word' id='word_1_229' title='bbox 1557 1899 1768 1936; x_wconf 81' lang='lat' dir='ltr'><strong>Manilium</strong></span> 
     </span>
     <span class='ocr_line' id='line_1_26' title="bbox 275 1967 1770 2016; baseline -0.001 -12"><span class='ocrx_word' id='word_1_230' title='bbox 275 1980 345 2004; x_wconf 90' lang='lat' dir='ltr'><strong>nos</strong></span> <span class='ocrx_word' id='word_1_231' title='bbox 377 1969 496 2004; x_wconf 80' lang='lat' dir='ltr'><strong>etiam</strong></span> <span class='ocrx_word' id='word_1_232' title='bbox 527 1967 697 2004; x_wconf 76' lang='lat' dir='ltr'><strong>vidimus</strong></span> <span class='ocrx_word' id='word_1_233' title='bbox 728 1972 956 2004; x_wconf 80' lang='lat' dir='ltr'><strong>transverso</strong></span> <span class='ocrx_word' id='word_1_234' title='bbox 999 1967 1262 2004; x_wconf 82' lang='lat' dir='ltr'><strong>ambulantem</strong></span> <span class='ocrx_word' id='word_1_235' title='bbox 1304 1968 1404 2013; x_wconf 85' lang='lat' dir='ltr'><strong>foro,</strong></span> <span class='ocrx_word' id='word_1_236' title='bbox 1456 1967 1559 2016; x_wconf 86' lang='lat' dir='ltr'><strong>quod</strong></span> <span class='ocrx_word' id='word_1_237' title='bbox 1600 1971 1684 2003; x_wconf 82' lang='lat' dir='ltr'><strong>erat</strong></span> <span class='ocrx_word' id='word_1_238' title='bbox 1713 1967 1770 2003; x_wconf 88' lang='lat' dir='ltr'><strong>in-</strong></span> 
     </span>
     <span class='ocr_line' id='line_1_27' title="bbox 276 2035 1771 2084; baseline -0.001 -12"><span class='ocrx_word' id='word_1_239' title='bbox 276 2036 404 2083; x_wconf 87' lang='lat' dir='ltr'><strong>signe,</strong></span> <span class='ocrx_word' id='word_1_240' title='bbox 447 2048 551 2081; x_wconf 85' lang='lat' dir='ltr'><strong>eum,</strong></span> <span class='ocrx_word' id='word_1_241' title='bbox 594 2038 661 2084; x_wconf 87' lang='lat' dir='ltr'><strong>qui</strong></span> <span class='ocrx_word' id='word_1_242' title='bbox 693 2035 732 2071; x_wconf 80' lang='lat' dir='ltr'><strong>id</strong></span> <span class='ocrx_word' id='word_1_243' title='bbox 765 2035 931 2081; x_wconf 83' lang='lat' dir='ltr'><strong>faceret,</strong></span> <span class='ocrx_word' id='word_1_244' title='bbox 966 2035 1095 2072; x_wconf 87' lang='lat' dir='ltr'><strong>facere</strong></span> <span class='ocrx_word' id='word_1_245' title='bbox 1127 2035 1276 2072; x_wconf 82' lang='lat' dir='ltr'><strong>civibus</strong></span> <span class='ocrx_word' id='word_1_246' title='bbox 1309 2036 1488 2072; x_wconf 86' lang='lat' dir='ltr'><strong>omnibus</strong></span> <span class='ocrx_word' id='word_1_247' title='bbox 1528 2035 1680 2072; x_wconf 86' lang='lat' dir='ltr'><strong>consilii</strong></span> <span class='ocrx_word' id='word_1_248' title='bbox 1711 2036 1771 2072; x_wconf 89' lang='lat' dir='ltr'><strong>sui</strong></span> 
     </span>
     <span class='ocr_line' id='line_1_28' title="bbox 275 2100 1770 2153; baseline 0 -13"><span class='ocrx_word' id='word_1_249' title='bbox 275 2101 471 2153; x_wconf 78' lang='lat' dir='ltr'><strong>copiam“.</strong></span> <span class='ocrx_word' id='word_1_250' title='bbox 493 2123 541 2128; x_wconf 91' lang='lat'><em>-</em></span> <span class='ocrx_word' id='word_1_251' title='bbox 571 2105 664 2140; x_wconf 78' lang='lat'><strong>475.</strong></span> <span class='ocrx_word' id='word_1_252' title='bbox 699 2100 888 2141; x_wconf 67' lang='lat' dir='ltr'><strong>Medeam</strong></span> <span class='ocrx_word' id='word_1_253' title='bbox 916 2104 1041 2140; x_wconf 87' lang='lat' dir='ltr'><strong>forum</strong></span> <span class='ocrx_word' id='word_1_254' title='bbox 1060 2104 1192 2141; x_wconf 83' lang='lat' dir='ltr'><strong>Plauti</strong></span> <span class='ocrx_word' id='word_1_255' title='bbox 1217 2109 1394 2153; x_wconf 87' lang='lat' dir='ltr'><strong>tempore</strong></span> <span class='ocrx_word' id='word_1_256' title='bbox 1420 2105 1577 2140; x_wconf 84' lang='lat' dir='ltr'><strong>transiit</strong></span> <span class='ocrx_word' id='word_1_257' title='bbox 1599 2100 1770 2149; x_wconf 62' lang='lat' dir='ltr'><strong>canalis,</strong></span> 
     </span>
     <span class='ocr_line' id='line_1_29' title="bbox 275 2171 1771 2222; baseline -0.001 -13"><span class='ocrx_word' id='word_1_258' title='bbox 275 2173 338 2210; x_wconf 88' lang='lat' dir='ltr'><strong>cui</strong></span> <span class='ocrx_word' id='word_1_259' title='bbox 367 2176 507 2222; x_wconf 86' lang='lat' dir='ltr'><strong>postea</strong></span> <span class='ocrx_word' id='word_1_260' title='bbox 539 2171 751 2208; x_wconf 81' lang='lat' dir='ltr'><strong>substituta</strong></span> <span class='ocrx_word' id='word_1_261' title='bbox 785 2176 842 2209; x_wconf 81' lang='lat' dir='ltr'><strong>est</strong></span> <span class='ocrx_word' id='word_1_262' title='bbox 873 2172 1004 2209; x_wconf 83' lang='lat' dir='ltr'><strong>cloaca</strong></span> <span class='ocrx_word' id='word_1_263' title='bbox 1036 2172 1303 2209; x_wconf 83' lang='lat' dir='ltr'><strong>subterranea.</strong></span> <span class='ocrx_word' id='word_1_264' title='bbox 1336 2185 1462 2221; x_wconf 85' lang='lat' dir='ltr'><strong>nuper</strong></span> <span class='ocrx_word' id='word_1_265' title='bbox 1487 2173 1526 2208; x_wconf 89' lang='lat' dir='ltr'><strong>in</strong></span> <span class='ocrx_word' id='word_1_266' title='bbox 1553 2171 1771 2220; x_wconf 80' lang='lat' dir='ltr'><strong>detegenda</strong></span> 
     </span>
     <span class='ocr_line' id='line_1_30' title="bbox 274 2239 1769 2289; baseline -0.001 -12"><span class='ocrx_word' id='word_1_267' title='bbox 274 2240 435 2277; x_wconf 88' lang='lat' dir='ltr'><strong>basilica</strong></span> <span class='ocrx_word' id='word_1_268' title='bbox 466 2239 568 2276; x_wconf 84' lang='lat' dir='ltr'><strong>Iulia</strong></span> <span class='ocrx_word' id='word_1_269' title='bbox 599 2240 772 2277; x_wconf 81' lang='lat' dir='ltr'><strong>inventa.</strong></span> <span class='ocrx_word' id='word_1_270' title='bbox 835 2239 946 2285; x_wconf 82' lang='lat' dir='ltr'><strong>Quod</strong></span> <span class='ocrx_word' id='word_1_271' title='bbox 979 2240 1087 2277; x_wconf 83' lang='lat' dir='ltr'><strong>Festi</strong></span> <span class='ocrx_word' id='word_1_272' title='bbox 1118 2240 1225 2289; x_wconf 76' lang='lat' dir='ltr'><strong>Epit.</strong></span> <span class='ocrx_word' id='word_1_273' title='bbox 1259 2254 1295 2289; x_wconf 91' lang='lat' dir='ltr'><strong>p.</strong></span> <span class='ocrx_word' id='word_1_274' title='bbox 1330 2242 1380 2278; x_wconf 80' lang='lat'><strong>45</strong></span> <span class='ocrx_word' id='word_1_275' title='bbox 1414 2241 1551 2277; x_wconf 84' lang='lat' dir='ltr'><strong>habet:</strong></span> <span class='ocrx_word' id='word_1_276' title='bbox 1591 2239 1769 2285; x_wconf 86' lang='lat' dir='ltr'><strong>.,Canali-</strong></span> 
     </span>
     <span class='ocr_line' id='line_1_31' title="bbox 275 2307 1773 2358; baseline -0.001 -12"><span class='ocrx_word' id='word_1_277' title='bbox 275 2309 370 2346; x_wconf 81' lang='lat' dir='ltr'><strong>colae</strong></span> <span class='ocrx_word' id='word_1_278' title='bbox 400 2308 576 2345; x_wconf 83' lang='lat' dir='ltr'><strong>forenses</strong></span> <span class='ocrx_word' id='word_1_279' title='bbox 607 2307 784 2344; x_wconf 90' lang='lat' dir='ltr'><strong>homines</strong></span> <span class='ocrx_word' id='word_1_280' title='bbox 815 2321 1010 2357; x_wconf 86' lang='lat' dir='ltr'><strong>pauperes</strong></span> <span class='ocrx_word' id='word_1_281' title='bbox 1052 2308 1165 2354; x_wconf 72' lang='lat' dir='ltr'><strong>dicti,</strong></span> <span class='ocrx_word' id='word_1_282' title='bbox 1214 2308 1320 2358; x_wconf 86' lang='lat' dir='ltr'><strong>quod</strong></span> <span class='ocrx_word' id='word_1_283' title='bbox 1361 2310 1463 2346; x_wconf 80' lang='lat' dir='ltr'><strong>circa</strong></span> <span class='ocrx_word' id='word_1_284' title='bbox 1504 2309 1657 2346; x_wconf 83' lang='lat' dir='ltr'><strong>canales</strong></span> <span class='ocrx_word' id='word_1_285' title='bbox 1696 2309 1773 2345; x_wconf 89' lang='lat' dir='ltr'><strong>fori</strong></span> 
     </span>
     <span class='ocr_line' id='line_1_32' title="bbox 275 2374 1774 2426; baseline -0.001 -12"><span class='ocrx_word' id='word_1_286' title='bbox 275 2374 575 2422; x_wconf 81' lang='lat' dir='ltr'><strong>consisterent“,</strong></span> <span class='ocrx_word' id='word_1_287' title='bbox 609 2390 656 2413; x_wconf 83' lang='lat' dir='ltr'><strong>ex</strong></span> <span class='ocrx_word' id='word_1_288' title='bbox 682 2376 758 2412; x_wconf 90' lang='lat' dir='ltr'><strong>alio</strong></span> <span class='ocrx_word' id='word_1_289' title='bbox 784 2376 953 2424; x_wconf 79' lang='lat' dir='ltr'><strong>antiquae</strong></span> <span class='ocrx_word' id='word_1_290' title='bbox 984 2376 1125 2413; x_wconf 86' lang='lat' dir='ltr'><strong>fabulae</strong></span> <span class='ocrx_word' id='word_1_291' title='bbox 1157 2378 1242 2414; x_wconf 89' lang='lat' dir='ltr'><strong>loco</strong></span> <span class='ocrx_word' id='word_1_292' title='bbox 1274 2381 1473 2426; x_wconf 80' lang='lat' dir='ltr'><strong>sumptum</strong></span> <span class='ocrx_word' id='word_1_293' title='bbox 1505 2376 1671 2423; x_wconf 74' lang='lat' dir='ltr'><strong>videtur,</strong></span> <span class='ocrx_word' id='word_1_294' title='bbox 1705 2378 1774 2425; x_wconf 92' lang='lat' dir='ltr'><strong>qui</strong></span> 
     </span>
    </p>

    <p class='ocr_par' dir='ltr' id='par_1_3' title="bbox 235 2444 1774 2834">
     <span class='ocr_line' id='line_1_33' title="bbox 274 2444 1770 2494; baseline 0 -12"><span class='ocrx_word' id='word_1_295' title='bbox 274 2446 442 2482; x_wconf 86' lang='lat' dir='ltr'><strong>fortasse</strong></span> <span class='ocrx_word' id='word_1_296' title='bbox 474 2444 602 2482; x_wconf 84' lang='lat' dir='ltr'><strong>Gellio</strong></span> <span class='ocrx_word' id='word_1_297' title='bbox 644 2444 874 2481; x_wconf 77' lang='lat' dir='ltr'><strong>obversatus</strong></span> <span class='ocrx_word' id='word_1_298' title='bbox 915 2450 993 2490; x_wconf 80' lang='lat' dir='ltr'><strong>est,</strong></span> <span class='ocrx_word' id='word_1_299' title='bbox 1043 2445 1146 2493; x_wconf 77' lang='lat' dir='ltr'><strong>apud</strong></span> <span class='ocrx_word' id='word_1_300' title='bbox 1179 2459 1291 2494; x_wconf 82' lang='lat' dir='ltr'><strong>quem</strong></span> <span class='ocrx_word' id='word_1_301' title='bbox 1325 2445 1396 2491; x_wconf 86' lang='lat' dir='ltr'><strong>IV,</strong></span> <span class='ocrx_word' id='word_1_302' title='bbox 1443 2447 1513 2491; x_wconf 79' lang='lat'><strong>20,</strong></span> <span class='ocrx_word' id='word_1_303' title='bbox 1557 2446 1576 2482; x_wconf 86' lang='lat'><strong>3</strong></span> <span class='ocrx_word' id='word_1_304' title='bbox 1619 2445 1770 2482; x_wconf 78' lang='lat' dir='ltr'><strong>editur:</strong></span> 
     </span>
     <span class='ocr_line' id='line_1_34' title="bbox 235 2497 1772 2561; baseline -0.002 -10"><span class='ocrx_word' id='word_1_305' title='bbox 235 2497 239 2502; x_wconf 92' lang='lat'><em>.</em></span> <span class='ocrx_word' id='word_1_306' title='bbox 280 2513 377 2560; x_wconf 66' lang='lat' dir='ltr'><strong>„Qui</strong></span> <span class='ocrx_word' id='word_1_307' title='bbox 417 2513 595 2559; x_wconf 81' lang='lat' dir='ltr'><strong>iurabat,</strong></span> <span class='ocrx_word' id='word_1_308' title='bbox 645 2513 850 2550; x_wconf 72' lang='lat' dir='ltr'><strong>cavillator</strong></span> <span class='ocrx_word' id='word_1_309' title='bbox 896 2512 1055 2561; x_wconf 84' lang='lat' dir='ltr'><strong>quidam</strong></span> <span class='ocrx_word' id='word_1_310' title='bbox 1103 2518 1139 2549; x_wconf 86' lang='lat' dir='ltr'><strong>et</strong></span> <span class='ocrx_word' id='word_1_311' title='bbox 1187 2510 1404 2550; x_wconf 72' lang='lat' dir='ltr'><strong>canalicola</strong></span> <span class='ocrx_word' id='word_1_312' title='bbox 1443 2518 1479 2549; x_wconf 88' lang='lat' dir='ltr'><strong>et</strong></span> <span class='ocrx_word' id='word_1_313' title='bbox 1520 2514 1636 2550; x_wconf 85' lang='lat' dir='ltr'><strong>nimis</strong></span> <span class='ocrx_word' id='word_1_314' title='bbox 1677 2513 1772 2550; x_wconf 81' lang='lat' dir='ltr'><strong>ridi-</strong></span> 
     </span>
     <span class='ocr_line' id='line_1_35' title="bbox 275 2580 1769 2625; baseline 0 -7"><span class='ocrx_word' id='word_1_315' title='bbox 275 2582 445 2619; x_wconf 83' lang='lat' dir='ltr'><strong>cularius</strong></span> <span class='ocrx_word' id='word_1_316' title='bbox 477 2580 595 2618; x_wconf 47' lang='lat' dir='ltr'><strong>fuit‘fl</strong></span> <span class='ocrx_word' id='word_1_317' title='bbox 665 2581 802 2617; x_wconf 89' lang='lat' dir='ltr'><strong>Plures</strong></span> <span class='ocrx_word' id='word_1_318' title='bbox 842 2582 881 2617; x_wconf 92' lang='lat' dir='ltr'><strong>in</strong></span> <span class='ocrx_word' id='word_1_319' title='bbox 920 2581 1004 2617; x_wconf 82' lang='lat' dir='ltr'><strong>foro</strong></span> <span class='ocrx_word' id='word_1_320' title='bbox 1041 2581 1194 2617; x_wconf 86' lang='lat' dir='ltr'><strong>canales</strong></span> <span class='ocrx_word' id='word_1_321' title='bbox 1226 2582 1345 2618; x_wconf 87' lang='lat' dir='ltr'><strong>fuisse</strong></span> <span class='ocrx_word' id='word_1_322' title='bbox 1376 2581 1494 2617; x_wconf 84' lang='lat' dir='ltr'><strong>Festo</strong></span> <span class='ocrx_word' id='word_1_323' title='bbox 1526 2594 1604 2617; x_wconf 92' lang='lat' dir='ltr'><strong>non</strong></span> <span class='ocrx_word' id='word_1_324' title='bbox 1635 2580 1769 2625; x_wconf 73' lang='lat' dir='ltr'><strong>cred03</strong></span> 
     </span>
     <span class='ocr_line' id='line_1_36' title="bbox 275 2645 1772 2686; baseline -0.001 0"><span class='ocrx_word' id='word_1_325' title='bbox 275 2651 315 2686; x_wconf 88' lang='lat' dir='ltr'><strong>in</strong></span> <span class='ocrx_word' id='word_1_326' title='bbox 347 2649 583 2686; x_wconf 82' lang='lat' dir='ltr'><strong>Tertulliani</strong></span> <span class='ocrx_word' id='word_1_327' title='bbox 614 2649 699 2686; x_wconf 90' lang='lat' dir='ltr'><strong>loco</strong></span> <span class='ocrx_word' id='word_1_328' title='bbox 726 2650 772 2686; x_wconf 61' lang='lat' dir='ltr'><strong>de</strong></span> <span class='ocrx_word' id='word_1_329' title='bbox 797 2649 923 2686; x_wconf 82' lang='lat' dir='ltr'><strong>Pallio</strong></span> <span class='ocrx_word' id='word_1_330' title='bbox 952 2651 972 2686; x_wconf 81' lang='lat'>5</span> <span class='ocrx_word' id='word_1_331' title='bbox 1000 2649 1120 2685; x_wconf 80' lang='lat' dir='ltr'><strong>verba</strong></span> <span class='ocrx_word' id='word_1_332' title='bbox 1148 2649 1328 2686; x_wconf 78' lang='lat' dir='ltr'><strong>..canales</strong></span> <span class='ocrx_word' id='word_1_333' title='bbox 1360 2662 1438 2686; x_wconf 90' lang='lat' dir='ltr'><strong>non</strong></span> <span class='ocrx_word' id='word_1_334' title='bbox 1469 2645 1613 2684; x_wconf 66' lang='lat' dir='ltr'><strong>odoi-0⁶⁴</strong></span> <span class='ocrx_word' id='word_1_335' title='bbox 1649 2649 1772 2685; x_wconf 84' lang='lat' dir='ltr'><strong>ditto-</strong></span> 
     </span>
     <span class='ocr_line' id='line_1_37' title="bbox 275 2713 1774 2767; baseline 0 -13"><span class='ocrx_word' id='word_1_336' title='bbox 275 2718 451 2767; x_wconf 83' lang='lat' dir='ltr'><strong>graphiae</strong></span> <span class='ocrx_word' id='word_1_337' title='bbox 486 2717 621 2754; x_wconf 88' lang='lat' dir='ltr'><strong>deberi</strong></span> <span class='ocrx_word' id='word_1_338' title='bbox 653 2718 849 2754; x_wconf 77' lang='lat' dir='ltr'><strong>videntur.</strong></span> <span class='ocrx_word' id='word_1_339' title='bbox 883 2736 938 2740; x_wconf 93' lang='lat'><strong>—</strong></span> <span class='ocrx_word' id='word_1_340' title='bbox 968 2713 1025 2753; x_wconf 69' lang='lat' dir='ltr'><strong>ibi</strong></span> <span class='ocrx_word' id='word_1_341' title='bbox 1056 2716 1229 2753; x_wconf 85' lang='lat' dir='ltr'><strong>abundat</strong></span> <span class='ocrx_word' id='word_1_342' title='bbox 1261 2723 1305 2753; x_wconf 74' lang='lat' dir='ltr'><strong>ut</strong></span> <span class='ocrx_word' id='word_1_343' title='bbox 1336 2719 1429 2754; x_wconf 84' lang='lat'>479.</span> <span class='ocrx_word' id='word_1_344' title='bbox 1464 2717 1558 2753; x_wconf 76' lang='lat'>480.</span> <span class='ocrx_word' id='word_1_345' title='bbox 1592 2717 1684 2754; x_wconf 78' lang='lat'>481.</span> <span class='ocrx_word' id='word_1_346' title='bbox 1717 2736 1774 2740; x_wconf 90' lang='lat'><strong>—</strong></span> 
     </span>
     <span class='ocr_line' id='line_1_38' title="bbox 275 2781 1771 2834; baseline -0.002 -11"><span class='ocrx_word' id='word_1_347' title='bbox 275 2807 328 2811; x_wconf 86' lang='lat'><strong>—-</strong></span> <span class='ocrx_word' id='word_1_348' title='bbox 355 2787 449 2823; x_wconf 81' lang='lat'>476.</span> <span class='ocrx_word' id='word_1_349' title='bbox 491 2781 756 2834; x_wconf 73' lang='lat' dir='ltr'><strong>Confi&#39;dem‘es</strong></span> <span class='ocrx_word' id='word_1_350' title='bbox 787 2791 893 2823; x_wconf 85' lang='lat' dir='ltr'><strong>recte</strong></span> <span class='ocrx_word' id='word_1_351' title='bbox 926 2789 1014 2822; x_wconf 84' lang='lat' dir='ltr'><strong>cett.</strong></span> <span class='ocrx_word' id='word_1_352' title='bbox 1049 2784 1161 2821; x_wconf 86' lang='lat' dir='ltr'><strong>codd.</strong></span> <span class='ocrx_word' id='word_1_353' title='bbox 1191 2805 1244 2809; x_wconf 89' lang='lat'>—</span> <span class='ocrx_word' id='word_1_354' title='bbox 1276 2782 1427 2830; x_wconf 65' lang='grc' dir='ltr'><strong>ἶασιίηῑς</strong></span> <span class='ocrx_word' id='word_1_355' title='bbox 1461 2784 1620 2822; x_wconf 82' lang='lat' dir='ltr'><strong>Curtius</strong></span> <span class='ocrx_word' id='word_1_356' title='bbox 1651 2785 1771 2830; x_wconf 80' lang='lat' dir='ltr'><strong>lacus,</strong></span> 
     </span>
    </p>
   </div>
  </div>
 </body>
</html>
