1897 3171
248 172 329 210 288
893 168 1095 202 Aulularia.

250 297 382 344 codd.;
415 297 483 335 scd
513 310 582 334 nec
607 297 838 335 exclamatio
863 298 926 335 hic
957 298 1085 335 locum
1116 297 1236 333 habet
1261 310 1331 333 nec
1356 298 1609 346 comparatio.
1656 298 1737 335 Aut

249 379 335 402 cum
361 366 483 402 Hario
513 364 662 411 „unde“
692 366 949 412 scribendum,
984 368 1051 402 aut
1082 378 1167 402 cum
1192 365 1392 414 plerisque
1417 365 1511 403 edd.-
1531 363 1598 412 lta,
1632 365 1736 415 quod

248 436 411 484 propius
442 448 463 470 a
494 433 607 471 «odd.
636 434 772 471 abesse
803 434 970 471 videtur.
999 453 1054 457 --
1078 430 1255 481 utrique,
1290 433 1335 470 cf.
1355 433 1465 483 capt.
1495 435 1587 480 397,
1620 447 1735 483 gene-

247 504 352 539 tivus
379 515 460 539 osse
478 502 647 549 videtur,
681 516 715 540 v.
734 502 842 541 Pers.
863 504 961 539 343:
998 503 1062 549 „in
1081 502 1232 538 uentris
1256 514 1337 538 reni
1361 501 1601 539 uidebitur“.
1647 502 1736 539 Ter.

249 571 341 608 Hec.
372 572 470 609 102:
510 572 573 618 „in
604 584 686 608 rem
718 574 777 608 est
806 569 1051 607 Ba‹·chidis‘·.
1084 570 1186 606 infra
1222 571 1297 606 147
1328 570 1483 620 aliaque
1509 571 1666 617 similia,
1699 584 1735 609 v.

248 639 405 687 Luchs„
432 639 762 689 Genetivbildung
779 639 847 676 der
870 639 936 676 lat.
956 638 1193 675 pronomina
1216 652 1253 688 p.
1274 640 1310 675 8.
1330 658 1385 662 —
1412 639 1501 677 130.
1534 650 1607 686 me,
1634 640 1739 689 quod

229 711 414 758 rpropter
437 722 592 746 sensum
617 708 755 745 abesse
781 721 857 745 non
881 710 1024 756 potest,
1058 708 1134 743 iam
1157 708 1198 744 in
1224 707 1310 745 cod.
1336 708 1354 744 Ι
1380 707 1551 745 additur.
1578 729 1632 733 —
1660 709 1734 745 131

247 779 292 814 ut
315 779 592 814 tetrametrum
615 778 799 823 facerent,
832 776 1010 825 Seyffert.
1037 779 1205 825 transp.:
1245 776 1407 822 „haberi
1438 774 1519 824 id“,
1551 776 1737 826 Geppert.

249 849 287 882 et
311 845 450 895 Wagn.
481 859 630 894 „neque
656 844 785 882 meust
821 845 1081 894 scripserunt,
1113 844 1181 881 sed
1205 844 1315 882 codd.
1334 855 1413 892 per
1435 844 1598 892 metum,
1632 844 1739 893 quod

249 928 316 951 cur
345 917 551 960 mutemus,
584 913 691 950 nulla
714 926 829 950 causa
854 916 924 960 est,
957 913 1039 949 sive
1065 914 1242 963 neglecta
1266 913 1463 962 positione
1488 926 1559 961 pro
1582 915 1736 949 tetram.

248 982 379 1020 bacch.
407 983 608 1029 habemus,
641 983 722 1019 sive
748 982 845 1018 alios
872 995 1051 1018 numeros
1069 984 1280 1031 sequimur.
1299 1002 1354 1006 —
1377 992 1564 1019 mussare
1581 985 1621 1018 et
1636 994 1738 1018 mus-

250 1053 370 1089 sitare
402 1052 583 1101 antiquos
615 1050 773 1087 tacendi
806 1049 1089 1097 significatione
1120 1052 1298 1099 posuisse
1330 1053 1501 1096 constat,
1548 1063 1584 1087 v.
1617 1050 1737 1087 Mero..

251 1121 319 1158 51:
359 1134 558 1167 „mussans
592 1120 775 1168 conloqui
808 1117 1019 1156 abnuere“.
1067 1118 1151 1156 Cas.
1187 1121 1288 1156 636:
1327 1122 1456 1166 „metu
1486 1116 1736 1155 mussitant“.

249 1188 334 1226 Mil.
376 1190 475 1226 479:
530 1189 585 1234 „si
625 1189 750 1237 sapis,
799 1187 1062 1225 inussitabis‘*.
1126 1187 1266 1225 Pseud.
1309 1189 1408 1225 501:
1468 1187 1578 1232 „Non
1618 1201 1640 1223 a
1680 1199 1739 1223 me

248 1257 374 1294 scibas
405 1258 613 1306 pistrinum
645 1258 685 1293 in
716 1256 860 1293 mundo
891 1256 977 1303 tibi,
1011 1258 1134 1302 Quom
1166 1270 1213 1293 ea
1236 1253 1496 1294 mussitabas‘?
1557 1254 1627 1292 PS.
1660 1254 1738 1292 Sci-

247 1325 347 1363 bam.
410 1325 466 1363 SI.
507 1325 585 1363 (fur
622 1339 698 1362 non
740 1326 890 1362 dictum
929 1328 988 1361 est
1019 1322 1171 1362 mihil>⁴⁴
1235 1325 1391 1362 Trucul.
1428 1326 1525 1361 311:
1578 1324 1739 1371 „Egone

248 1394 330 1431 haec
368 1393 625 1431 1n11ssiten1?“
693 1394 780 1431 Vet.
814 1407 910 1431 00111.
944 1393 1049 1442 apud
1081 1394 1187 1431 Fest.
1219 1408 1257 1444 p.
1292 1395 1394 1431 298:
1446 1393 1574 1443 „quod
1612 1396 1738 1442 potes,

249 1462 341 1509 sile,
375 1463 477 1509 cola,
511 1463 681 1509 occulta,
714 1466 822 1510 tege,
856 1465 960 1509 tace,
994 1461 1163 1500 mussa“.
1226 1462 1312 1500 Liv.
1344 1462 1531 1508 XXVIII,
1573 1462 1645 1508 40,
1694 1463 1738 1499 2:

254 1545 395 1580 „quum
428 1533 545 1569 ceteri
577 1545 649 1581 per
680 1534 826 1568 metum
858 1534 926 1568 aut
958 1531 1210 1568 ambitionem
1243 1534 1476 1577 mussarent,
1520 1531 1564 1577 Q.
1592 1530 1738 1568 Fabius

247 1598 345 1638 etc.“
397 1600 556 1638 Sallust.
574 1600 674 1637 Hist.
701 1599 769 1646 ΙΙΙ,
796 1600 843 1637 fr.
874 1601 937 1646 81,
969 1603 1011 1637 8:
1048 1614 1311 1650 „quamquam
1334 1600 1379 1637 L.
1398 1600 1566 1637 Sicinius
1589 1600 1739 1649 primus

247 1669 293 1705 de
332 1672 531 1719 potestate
569 1669 782 1706 tribunicia
821 1669 926 1717 loqui
967 1682 1082 1706 ausus
1123 1668 1384 1706 mussantibus
1424 1668 1536 1706 vobis
1577 1668 1738 1705 circum-

247 1741 388 1775 ventus
420 1734 543 1775 e1·at“.
581 1755 627 1762 -Φ
666 1736 755 1774 132.
805 1734 915 1786 Quin
947 1767 954 1773 .
976 1768 1010 1775 ..
1045 1738 1090 1775 ut
1120 1738 1216 1774 ferri
1247 1750 1325 1774 non
1355 1741 1499 1787 potest.
1563 1736 1740 1774 Fuerunt

247 1804 651 1854 (1111,,11ἐ“(10101001,1
682 1805 750 1842 sed
781 1806 885 1843 unde
917 1810 1045 1844 ortum
1078 1808 1139 1852 sit,
1172 1819 1313 1855 parum
1344 1805 1591 1855 intelligitur.
1638 1804 1737 1841 Mihi

245 1875 292 1911 w}
320 1872 457 1922 facias
481 1875 581 1912 male
608 1875 786 1913 additum
810 1875 967 1912 videtur
998 1889 1020 1912 a
1051 1875 1209 1921 lectore,
1243 1876 1304 1911 cui
1326 1871 1580 1922 participem
1610 1873 1738 1910 adiec-

246 1945 370 1981 tivum
402 1944 614 1981 videretur.
670 1944 839 1981 Verbum
871 1944 1034 1981 Plautus
1066 1944 1233 1981 voluisse
1266 1943 1435 1989 videtur,
1468 1957 1502 1980 v.
1522 1942 1736 1980 Cist.162:

251 2016 482 2062 „paternum
515 2026 667 2050 seruom
700 2013 759 2050 sui
790 2013 1006 2062 participat
1037 2009 1215 2049 consili“.
1276 2011 1360 2048 Mil.
1395 2012 1494 2048 264:
1542 2010 1631 2057 „ille
1661 2023 1738 2047 non

244 2084 337 2131 pote
377 2082 471 2131 quin
518 2094 694 2118 sermone
734 2095 804 2118 suo
847 2080 1017 2129 aliquem
1058 2081 1310 2117 familiarium
1348 2079 1653 2129 Participauerit
1691 2079 1738 2116 de

247 2150 372 2187 amica
404 2148 530 2187 erili“.
606 2149 715 2186 Pers.
750 2152 850 2187 755:
904 2149 1041 2195 „Nunc
1078 2149 1127 2186 ob
1160 2162 1245 2186 eam
1277 2162 1358 2185 rem
1391 2148 1493 2185 iuter
1522 2148 1738 2197 participes

245 2217 375 2255 didam
407 2217 593 2267 praedam
633 2221 672 2254 et
703 2217 991 2267 pa1·ticipabo“.
1024 2238 1080 2242 ——
1115 2219 1204 2254 133.
1245 2216 1299 2255 Ut
1328 2219 1606 2253 tetrametrum
1644 2216 1736 2266 legi-

244 2287 383 2323 timum
415 2286 576 2332 faceret,
609 2285 754 2322 Mulier
785 2299 822 2335 p.
860 2287 955 2324 134:
999 2286 1078 2333 „Eo
1111 2300 1213 2324 nunc
1247 2284 1352 2335 [ego]
1387 2288 1535 2322 secreto
1566 2284 1669 2322 foras
1699 2287 1737 2321 te

244 2355 319 2392 huc
357 2352 535 2392 seduxi“.
610 2353 671 2390 Ad
712 2354 876 2403 phrasin
916 2355 962 2392 cf.
996 2355 1186 2404 Pompon.
1226 2368 1261 2392 v.
1307 2355 1404 2391 142:
1456 2353 1563 2403 „Ego
1604 2353 1739 2390 dedita

246 2437 369 2473 opera
398 2426 457 2469 te,
506 2426 640 2472 pater,
688 2423 813 2459 solum
852 2423 955 2460 foras
987 2423 1151 2470 Seduxi,
1198 2427 1242 2460 ut
1272 2436 1320 2460 ne
1352 2424 1440 2472 quis
1480 2425 1584 2459 esset
1623 2422 1737 2459 testis

245 2493 388 2529 tertius
421 2491 586 2528 Praeter
617 2488 727 2528 nos“.
746 2511 801 2515 —
822 2491 912 2528 134.
946 2491 999 2529 Ut
1031 2496 1122 2529 tetr.
1149 2491 1281 2529 bacch.
1308 2495 1518 2538 constaret,
1551 2490 1736 2539 Wagner.

244 2575 315 2611 pro
356 2556 412 2599 Ut
438 2557 553 2607 .,Uti“
581 2559 791 2597 scribebat.
824 2579 879 2584 »-
911 2560 1023 2597 tuam
1045 2571 1132 2597 *rem
1164 2558 1369 2610 loquerer,
1403 2560 1426 2597 i.
1454 2574 1485 2597 e.
1514 2559 1560 2596 (10
1582 2563 1651 2596 tua
1680 2572 1735 2606 re,

246 2629 292 2666 cf.
313 2629 404 2666 764.
452 2629 558 2667 Men.
579 2630 680 2666 317:
717 2628 845 2674 „Quas
876 2628 1071 2674 mulieres,
1105 2642 1202 2677 quos
1233 2632 1277 2665 tu
1300 2629 1497 2678 parasitos
1520 2625 1732 2676 loquere‘?“

246 2697 330 2735 Liv.
356 2697 400 2744 V,
431 2696 467 2745 5,
497 2698 531 2734 6.
562 2698 624 2744 54,
653 2700 686 2735 5.
711 2717 766 2721 —-·
795 2697 1027 2734 135—142.
1062 2696 1140 2733 Hos
1157 2709 1294 2734 versus
1317 2695 1436 2733 Weis.
1455 2697 1611 2745 spurios
1636 2695 1735 2732 iudi-

246 2767 359 2813 cavit,
393 2765 461 2803 sed
492 2779 562 2803 nec
594 2767 800 2802 sententiae
833 2779 855 2802 a
879 2765 1019 2802 Plauto
1052 2765 1188 2802 alienae
1219 2769 1310 2802 sunt
1339 2768 1378 2801 et
1408 2764 1545 2810 oratio,
1579 2764 1611 2801 si
1638 2764 1736 2800 vitia
