1854 3188
177 204 238 248 IV,
251 205 284 247 8,
301 204 436 239 22-34
820 201 1034 236 Bacchides.
1591 204 1670 243 117

750 327 1098 369 Cleomachus

176 401 286 443 Tum
315 401 448 453 illam,
480 415 591 455 quae
624 414 781 455 corpus
813 399 1171 454 publieat,uolgo
1204 414 1340 451 suum,

174 473 294 516 Faxo
327 487 371 516 se
402 472 520 515 haud
551 472 671 514 dicat
700 476 917 523 nanctam,
949 485 1076 524 quem
1108 471 1316 514 derideat.

773 558 1070 613 Chrysalus

173 632 346 674 Pacisci
377 646 473 674 cum
504 632 578 674 illo
610 631 788 685 paulula
817 631 1004 685 pecunia
1607 643 1674 677 860

174 704 318 747 Potes.

775 790 814 832 N
824 789 1070 832 icobulus

376 863 602 905 Paciscere.
634 877 749 916 ergo,
782 863 974 913 obsecro,
1008 861 1126 916 quod
1157 861 1239 904 tibi
1269 861 1403 914 lubet,

172 935 286 977 Dum
315 949 368 977 ne
400 935 646 977 manufesto
678 935 897 978 hominem
929 935 1147 989 opprimat
1177 947 1286 977 neue
1319 935 1471 977 enicet.

745 1022 1102 1064 Cleomachus

172 1093 297 1136 Nunc
328 1094 412 1136 nisi
445 1094 620 1136 ducenti
650 1095 841 1149 Philippi
871 1094 1117 1136 redduntur
1148 1093 1265 1145 mihi,

174 1164 268 1207 Iam
297 1164 473 1208 illorum
505 1180 582 1221 ego
615 1167 805 1209 animam
837 1166 1064 1208 amborum
1096 1166 1336 1209 exsorbebo
1367 1166 1542 1220 oppido.

778 1260 1072 1316 Chrysalus

172 1332 266 1383 Em,
297 1331 397 1376 illoc
428 1333 588 1388 pacisci
619 1348 710 1377 rem
741 1338 879 1389 potes.

773 1420 835 1461 Ni
849 1435 870 1462 c
884 1435 908 1463 o
919 1420 946 1462 b
955 1436 983 1462 u
992 1421 1006 1462 1
1015 1436 1044 1463 u
1055 1435 1074 1463 s

994 1493 1142 1547 Perge,
1174 1492 1354 1535 obsecro
1368 1509 1377 1545 ;
1607 1504 1674 1538 865

171 1563 399 1606 Paciscere
431 1564 616 1619 quiduis.

772 1650 804 1693 C
815 1652 844 1693 h
854 1667 875 1693 r
884 1667 910 1706 y
922 1667 940 1693 s
955 1652 1046 1693 alu
1059 1667 1078 1694 s

667 1722 744 1765 Ibo
777 1727 821 1765 ct
850 1723 1010 1766 faciam
1041 1723 1206 1766 sedulo.

175 1794 288 1845 Quid
320 1794 512 1837 clamas?

748 1881 779 1924 C
792 1883 807 1924 l
820 1897 841 1925 e
854 1897 877 1925 0
888 1898 930 1924 m
941 1897 967 1925 a
978 1897 998 1925 c
1007 1883 1036 1925 h
1047 1898 1075 1925 u
1087 1898 1106 1926 s

582 1955 668 1998 Ubi
700 1970 798 1998 crus
829 1960 931 1998 tuus
964 1959 1030 1997 est
1041 1956 1061 1997 2>

775 2034 806 2077 C
817 2034 846 2076 h
856 2050 878 2076 r
889 2050 914 2090 y
926 2049 944 2076 s
956 2035 1042 2076 alu
1054 2049 1073 2076 s

1119 2106 1345 2161 Nusquam
1359 2123 1367 2159 3
1398 2108 1558 2150 nescio.

173 2177 252 2219 Uis
282 2177 364 2220 tibi
396 2177 606 2221 ducentos
638 2193 837 2221 nummos
868 2180 956 2220 iam
987 2179 1246 2234 promittier,

173 2248 233 2291 Ut
262 2263 315 2291 ne
349 2250 582 2292 clamorem
613 2250 682 2292 hic
713 2251 849 2292 facias
879 2265 964 2292 neu
997 2252 1266 2293 conuicium?

744 2328 801 2371 Cl
814 2344 835 2372 e
849 2345 872 2372 ο
884 2345 926 2371 m
935 2344 961 2372 a
973 2344 995 2372 c
1004 2330 1033 2371 h
1042 2345 1070 2372 u
1079 2345 1098 2372 s

174 2399 292 2442 Nihil
322 2406 402 2448 est,
435 2401 550 2455 quod
580 2402 739 2443 malim.

770 2486 801 2530 C
812 2488 840 2529 h
850 2503 871 2530 r
879 2504 905 2543 y
918 2503 936 2530 s
950 2502 976 2530 a
986 2488 1001 2530 1
1011 2504 1039 2530 u
1052 2503 1070 2530 s

681 2560 823 2614 A‘cque
855 2565 902 2602 ut
932 2561 1013 2602 tibi
1043 2561 1161 2604 mala
1191 2562 1328 2603 multa
1359 2561 1582 2614 ingeram?
1607 2572 1674 2606 870

268 2728 332 2762 861
359 2727 450 2772 quid
518 2728 623 2763 lubet
646 2729 715 2763 tibi
742 2729 772 2764 C
841 2731 908 2765 865
932 2731 1125 2774 paciscere
1151 2730 1180 2764 si
1205 2732 1312 2773 potes
1383 2730 1449 2764 866
1473 2729 1672 2764 PacisceB

176 2783 243 2818 867
269 2794 349 2818 eros
374 2784 410 2818 B
492 2786 558 2820 868
583 2786 656 2820 iam
682 2796 748 2821 om.
774 2786 811 2820 B
