1897 3171
166 184 194 228 Ι,
209 184 238 222 3,
253 183 353 217 55·-
366 182 413 227 II,
433 185 461 225 1,
478 183 517 216 11
827 176 1008 212 Curculio.
1579 179 1659 218 229

732 302 1095 346 Phaedromus

168 380 213 423 Si
245 380 419 434 quidem
449 377 594 420 hercle
627 376 733 418 mihi
764 390 945 430 regnum
978 374 1124 425 detur,
1162 387 1397 428 numquam
1435 373 1480 415 id
1518 373 1663 427 potius

1120 459 1373 500 persequar.

160 523 351 575 Quando
386 537 464 577 ego
497 526 539 564 te
571 520 763 563 uidebo?

762 618 1068 659 Planesium

762 690 874 732 Hem
906 689 931 738 ἦ
963 690 1074 730 istoc
1106 687 1240 730 uerbo
1272 688 1513 729 uindictam
1544 703 1664 743 para.

169 765 214 808 Si
246 779 380 816 amas,
414 779 528 816 eme;
560 778 613 805 ne
645 764 829 817 rogites3
862 762 1009 812 facim
1042 764 1089 802 ut
1120 761 1260 814 pretio
1294 761 1522 814 peruincas
1553 766 1643 803 tuo.

169 838 285 879 Bene
316 838 426 880 uale.

735 918 1099 960 Phaedromus

372 993 521 1035 Iamne
553 1007 630 1046 ego
663 991 915 1044 relinquor?
948 990 1110 1044 pulcre,
1143 988 1360 1040 Palinure,
1395 989 1545 1031 occidi.

766 1090 1063 1131 Palinurus

167 1166 259 1220 Ego
293 1164 482 1219 quidem,
515 1164 589 1217 qui
620 1167 663 1205 et
694 1161 944 1217 uapulando
978 1165 1021 1203 et
1053 1174 1202 1203 somno
1233 1174 1377 1215 pereo.

735 1261 806 1302 Ph
818 1275 875 1303 ae
889 1260 981 1302 dro
994 1274 1074 1301 mu
1089 1274 1107 1302 s

1273 1330 1463 1385 Sequere
1496 1346 1575 1374 me.
1602 1344 1668 1378 215

330 1584 631 1627 CAPPADOX
661 1584 826 1627 LENO.
890 1582 1259 1626 PALINURUS
1286 1582 1515 1626 SERUOS.

771 1709 1069 1765 Cappadox

169 1784 356 1837 Migrare
391 1787 600 1825 certumst
632 1784 718 1825 iam
749 1797 862 1825 nunc
894 1796 915 1824 e
947 1781 1049 1823 fano
1081 1781 1213 1834 foras,

172 1855 353 1905 Quando
386 1856 618 1910 Aesculapi
649 1856 710 1898 ita
745 1856 885 1897 sentio
920 1855 1193 1905 sententiam,

171 1927 231 1970 Ut
262 1928 337 1981 qui
367 1942 434 1969 me
466 1927 591 1969 nihili
622 1926 755 1969 faciat
786 1941 866 1969 nec
899 1926 1065 1968 saluom
1095 1926 1215 1969 uelit.

170 1999 389 2042 valetudo
423 2000 650 2052 decrescit,
683 2000 897 2042 adcrescit
928 1999 1064 2041 labor.

170 2073 283 2114 Nam
312 2073 400 2114 iam
432 2073 554 2125 quasi
586 2086 694 2114 zona
724 2072 835 2114 liene
869 2073 1037 2113 cinctus
1070 2070 1266 2123 ambu103
1606 2083 1674 2116 220

171 2145 373 2188 Geminos
404 2145 449 2186 in
481 2149 635 2186 uentre
667 2144 829 2186 habere
861 2144 1015 2186 uideor
1047 2143 1174 2185 filios.

172 2217 294 2258 Nihil
323 2222 482 2268 metuo,
515 2217 599 2258 nisi
628 2231 681 2258 ne
713 2216 880 2257 medius
913 2216 1159 2270 disrumpar
1190 2216 1331 2258 miser.

773 2322 1067 2364 Palinurus

170 2418 226 2424 —
259 2394 304 2435 Qi
333 2399 450 2436 recte
483 2394 628 2445 facias,
662 2394 943 2446 Phaedrome,
977 2395 1200 2437 auscultes
1232 2395 1339 2436 mihi

170 2467 313 2520 Atque
343 2467 476 2508 istam
509 2466 714 2509 exturbes
748 2481 799 2508 ex
831 2467 973 2508 animo
1006 2467 1338 2521 aegritudinem.

171 2538 326 2590 Paues,
358 2539 578 2594 parasitus
613 2539 715 2592 quia
745 2553 832 2581 non
863 2540 993 2581 rediit
1027 2538 1166 2581 Caria.
1604 2547 1670 2582 225

172 2610 353 2653 Adferre
385 2615 613 2663 argentum
645 2611 796 2663 credo3
828 2625 928 2653 nam
960 2612 995 2653 si
1026 2626 1114 2654 non
1144 2611 1267 2662 ferat,

263 2767 329 2800 215
356 2765 513 2810 Sequere
540 2777 597 2800 me
625 2775 690 2800 om.
751 2765 1027 2801 PALINL'RUS
1055 2776 1120 2800 om.
