1854 3188
208 193 261 232 74
892 189 1015 224 Plauti
1450 191 1496 236 ΙΙ7
1514 193 1545 236 2,
1563 193 1694 227 20—31

207 314 304 356 Non
335 315 600 369 inpetratum
631 313 676 355 id
707 314 958 356 aduenienti
989 316 1027 357 ei
1057 315 1310 357 redderem?
1634 329 1696 363 195

207 386 421 440 Regiones
454 386 594 428 colere
624 386 853 429 mauellem
884 387 1208 429 Acherunticas.

809 487 970 543 Chrys
983 489 1069 530 alu
1085 504 1102 531 s

208 559 314 611 Eho,
346 574 401 601 an
431 561 502 602 inu
509 560 634 602 enisti
665 560 925 602 Bacchidem
937 561 956 601 ἱ)

779 663 1124 705 Pistoclerus

1005 734 1192 776 Samiam
1225 734 1409 788 quidem.

811 836 1105 890 Chrysalus

210 909 334 961 Uide,
368 923 544 963 quaeso,
575 923 627 950 ne
659 909 752 961 quis
783 914 943 950 tractet
975 909 1096 949 illam
1127 909 1375 963 indiligens·7

212 982 305 1024 Scis
335 987 396 1033 tu,
428 986 477 1023 ut
510 980 721 1034 confringi
754 994 833 1021 uas
867 981 951 1021 cito
984 981 1172 1022 Samium
1204 981 1322 1022 solet.

788 1082 1128 1124 Pistoclerus

210 1156 358 1198 Iamne
390 1160 440 1198 ut
472 1155 615 1197 soles‘.>

813 1256 1109 1310 Chrysalus

673 1329 762 1380 Dic,
793 1328 866 1370 ubi
899 1342 950 1370 ea
980 1343 1092 1370 nunc
1125 1335 1199 1380 est.
1233 1329 1430 1371 obsecro.
1637 1342 1704 1375 200

792 1438 1130 1480 Pistoclerus

209 1513 303 1563 Hic,
337 1516 563 1555 exeuntem
594 1525 661 1552 me
693 1510 806 1552 unde
839 1511 1079 1564 adspexisti
1111 1510 1250 1552 modo.

809 1618 1104 1673 Chrysalus

214 1692 271 1734 Ut
304 1693 418 1734 istuc
450 1698 514 1735 est
544 1692 759 1746 lepidum!
793 1706 1000 1746 proxume
1031 1693 1219 1733 uiciniae

211 1764 403 1806 Habitat.
467 1765 739 1819 Ecquidnam
770 1764 965 1804 meminit
997 1764 1279 1805 Mnesilochi?

790 1873 1128 1915 Pistoclerus

1328 1946 1498 2000 Rogas?

215 2017 349 2059 Immo
381 2018 506 2059 unice
537 2032 670 2059 unum
701 2017 890 2072 plurumi
921 2016 1083 2070 pendit.

811 2126 1103 2181 Chrysalus

1140 2198 1295 2252 Papae.

786 2294 1129 2335 Pistoclerus

212 2366 346 2408 Immo
377 2370 425 2407 ut
457 2379 551 2407 eam
584 2366 756 2408 credis?
787 2367 943 2407 misere
977 2380 1126 2407 amans
1160 2365 1390 2407 desiderat.
1638 2376 1704 2410 205

816 2475 1104 2529 Chrysalus

215 2547 378 2589 Scitum
407 2547 532 2589 istuc.

307 2719 372 2751 202
396 2718 587 2762 proximae
611 2717 648 2751 B
763 2717 828 2751 203
854 2721 889 2750 et
915 2716 1090 2760 quidnam
1207 2718 1271 2751 205
1299 2728 1381 2751 eum
1473 2716 1630 2749 miserae
1655 2715 1703 2758 B,

213 2773 347 2808 misera
373 2773 402 2808 C
