1897 3171
263 195 343 234 432
898 188 1110 225 Bacchides.

264 320 362 357 male
394 319 534 356 dicere.
558 338 615 344 —
639 320 731 356 907.
771 312 933 357 Glim'as
958 320 997 355 et
1023 314 1263 356 Demetrius
1288 329 1465 367 personae
1492 330 1574 354 esse
1604 316 1748 354 fabulae

262 387 448 424 videntur
479 386 658 424 omnibus
688 389 803 424 notae.

378 456 470 492 908.
516 454 618 491 Dum
650 453 858 502 Chrysalus
894 453 1179 491 Mnesilochum
1218 453 1421 500 convenit,
1461 466 1579 490 senex
1620 466 1749 490 secum

264 523 310 560 de
342 535 385 559 eo
416 523 606 571 loquitur.
654 521 748 559 Cum
780 518 890 570 lippo
923 518 1035 560 062th
1068 534 1155 558 eum
1186 524 1400 569 comparat,
1434 534 1547 570 quem
1580 522 1646 570 qui
1671 534 1750 558 non

263 590 401 637 habet,
448 603 527 628 non
568 589 786 636 desiderat,
834 590 901 638 qui
938 589 1076 635 habet,
1122 592 1343 638 temperare
1381 602 1460 626 non
1490 593 1624 639 potest
1657 590 1751 638 quin

265 671 420 708 semper
450 660 600 707 tangat,
634 658 680 695 cf.
709 657 815 694 Pers.
843 658 890 694 lO
918 670 996 706 sq.:
1033 655 1141 704 „Ego
1166 669 1236 693 nec
1258 655 1439 693 lubenter
1463 658 1593 694 seruio
1625 669 1750 706 neque

264 728 358 763 satis
399 739 482 763 sum
523 738 588 762 ero
629 739 674 762 ex
713 726 934 771 sententia,
996 724 1072 761 Sed
1112 724 1223 773 quasi
1264 725 1372 773 lippo
1414 725 1525 762 oculo
1563 737 1622 761 me
1663 737 1751 761 erus

264 807 371 831 meus
403 807 561 830 manum
602 793 797 830 abstinere
839 793 946 830 haud
978 793 1063 842 quit
1093 795 1243 838 tamen,
1285 792 1386 838 Quin
1423 792 1518 830 mihi
1556 789 1749 842 inpe1²et“.

264 861 479 899 Nicobulus
510 874 550 898 se
591 874 764 911 quoque,
813 861 989 910 quamvis
1021 873 1139 909 opera
1170 859 1350 908 Chrysali
1380 873 1472 898 usus
1504 860 1574 907 sit,
1621 863 1752 896 tamen

265 930 336 967 tali
367 943 480 967 servo
514 942 646 966 carere
677 929 792 966 malle
825 941 902 966 non
933 931 1061 975 negat.
1087 947 1143 952 -—
1172 924 1258 965 illic
1288 927 1417 965 hiatus
1449 928 1602 965 vitandi
1634 941 1753 965 causa

265 997 357 1034 olim
389 996 648 1034 emendatum.
673 1016 728 1021 -
760 998 852 1034 909.
886 992 1006 1042 nolis,
1038 1009 1074 1033 v.
1099 995 1230 1033 Madv.
1256 995 1322 1033 Gr.
1349 996 1434 1033 Lat.
1464 997 1541 1034 350
1567 995 1591 1032 b
1617 999 1695 1033 not.
1719 996 1751 1033 l.

264 1084 320 1089 -—
361 1066 453 1101 911.
492 1060 598 1112 forte
627 1060 817 1112 fortuna,
865 1064 910 1102 cf.
945 1064 1033 1101 Ter.
1074 1063 1173 1102 Eun.
1219 1065 1309 1101 134.
1355 1065 1446 1102 568.
1487 1083 1541 1089 —
1584 1065 1661 1101 915
1695 1076 1752 1113 sq.

264 1142 349 1170 mm
381 1163 387 1170 .
417 1163 423 1169 .
454 1162 461 1169 .
498 1129 639 1180 etiam,
682 1132 855 1169 nondum
886 1136 1030 1169 tamen.
1065 1151 1119 1156 —
1159 1132 1251 1169 918.
1284 1128 1378 1179 has,
1420 1132 1589 1168 tabellas
1621 1145 1642 1168 a
1671 1130 1753 1168 filio

265 1201 396 1247 datas3
429 1201 488 1237 his
521 1201 674 1237 demum
707 1200 851 1237 credet.
899 1199 955 1237 Of.
984 1194 1209 1250 Curc.{551.
1256 1199 1340 1237 Hoc
1371 1203 1415 1237 ut
1445 1199 1574 1246 faciat,
1608 1199 1753 1248 paulis-

266 1282 336 1318 per
361 1268 516 1305 domum
541 1281 650 1305 suam
675 1267 865 1305 concedit.
889 1288 936 1292 —
967 1269 1060 1305 929.
1094 1265 1366 1317 Consiynatis,
1400 1269 1510 1316 signo
1539 1270 1576 1304 et
1601 1268 1755 1304 nomine

266 1336 474 1374 scribentis
506 1337 679 1383 munitis,
713 1339 757 1373 ut
787 1340 953 1385 apparet
984 1349 1030 1372 ex
1061 1349 1095 1373 v.
1131 1337 1223 1373 930.

382 1405 474 1441 920.
523 1403 732 1452 Chrysalus
763 1407 972 1453 postquam
1004 1404 1134 1440 omnia
1165 1403 1259 1441 hero
1299 1404 1494 1450 narravit,
1542 1404 1755 1440 revertitur

266 1472 401 1522 gaudii
440 1473 580 1521 plenus
620 1475 658 1508 et
697 1475 860 1521 propter
899 1485 962 1518 ea,
1012 1484 1096 1521 quae
1134 1471 1211 1508 iam
1253 1471 1402 1518 effecit,
1459 1475 1498 1508 et
1537 1484 1604 1520 spe
1643 1471 1758 1520 plura

269 1539 490 1586 auferendi,
538 1539 793 1588 iambicisque
848 1540 1058 1576 octonariis
1107 1542 1145 1576 ct
1191 1552 1298 1576 suam
1337 1541 1523 1577 virtutem
1568 1539 1760 1589 praedicat

269 1611 309 1644 et
347 1609 449 1645 senis
489 1607 748 1644 stoliditatem
787 1607 901 1645 ridet.
978 1607 1023 1644 In
1054 1607 1084 1644 B
1123 1608 1266 1645 titulus
1309 1611 1347 1644 et
1387 1608 1468 1644 eius
1509 1610 1547 1644 et
1576 1606 1760 1643 Nicobuli

269 1689 411 1713 nomen
442 1675 561 1712 habet
593 1678 632 1712 et
663 1689 749 1712 cum
781 1675 853 1712 hoc
885 1675 1094 1724 soliloquio
1120 1676 1342 1724 proximum
1369 1676 1605 1724 colloquium
1632 1675 1759 1722 iungi-

269 1748 345 1790 tur,
379 1748 422 1780 ut
456 1745 556 1791 5713
596 1756 667 1780 nos
706 1757 792 1780 cum
824 1743 1039 1780 Ritschelio
1082 1743 1177 1780 duas
1210 1756 1345 1780 scenas
1377 1743 1504 1780 facere
1536 1743 1758 1780 maluimus.

271 1812 412 1849 Servus
437 1812 605 1848 maiores
629 1824 690 1848 res
716 1825 755 1848 se
786 1812 953 1859 gessisse
987 1811 1180 1859 gloriatur
1212 1825 1328 1860 quam
1360 1811 1689 1860 Agamemnonem
1722 1813 1762 1847 et

270 1879 495 1916 Menelaum
526 1879 645 1916 Troia
677 1882 810 1928 capta,
853 1880 1033 1929 senisque
1066 1879 1325 1916 calamitatem
1359 1880 1471 1928 quasi
1502 1879 1627 1916 Troiae
1660 1878 1761 1915 exci-

272 1947 378 1984 dium
410 1947 576 1983 ridicula
607 1948 722 1984 nenia
754 1947 938 1997 deplorat
969 1951 1190 1984 accuratam
1222 1948 1324 1984 senis
1357 1947 1511 1996 decepti
1534 1960 1619 1983 cum
1645 1946 1762 1983 Troia

273 2029 409 2052 eversa
432 2016 761 2064 comparationem
794 2015 1015 2053 instituens.
1070 2011 1256 2062 Atridae,
1283 2015 1451 2063 Pylades
1479 2028 1551 2051 em.
1579 2034 1634 2038 —-
1668 2015 1760 2051 921.

273 2079 416 2120 diuma
439 2079 661 2120 moenitum
680 2093 817 2130 manu,
843 2083 1018 2132 Neptuni
1043 2085 1081 2119 et
1104 2082 1311 2131 Apollinis,
1337 2096 1373 2120 v.
1400 2082 1513 2120 Iliad.
1541 2084 1576 2129 7,
1596 2083 1690 2119 452.
1708 2101 1764 2107 —

274 2152 366 2188 923.
421 2145 521 2188 Cum
561 2147 674 2188 mille
704 2152 932 2200 transposui
962 2163 1098 2187 versus
1123 2163 1259 2198 causa,
1291 2150 1394 2187 idem
1421 2151 1581 2199 antiquo
1609 2149 1763 2187 cuidam

274 2218 420 2255 editori
444 2219 484 2255 in
508 2222 678 2255 mentem
701 2220 830 2265 venit3
863 2222 922 2255 est
948 2222 1096 2255 autem:
1134 2232 1244 2265 „cum
1260 2231 1421 2256 numero
1439 2218 1544 2255 mille
1561 2214 1761 2255 nauium“.

274 2286 469 2324 Camerar.
493 2283 742 2333 „Millenum“
779 2285 969 2323 vocabulo
995 2286 1204 2323 admodum
1230 2286 1367 2333 dubio,
1400 2286 1444 2324 R.
1470 2285 1529 2324 Fl.
1548 2285 1765 2322 Beckerum

274 2355 414 2392 secuti:
453 2354 528 2402 „Et
545 2352 694 2392 mille“.
721 2373 776 2379 —-
811 2354 903 2391 924.
937 2353 1131 2392 termento
1157 2354 1365 2403 legendum
1391 2367 1474 2391 esse
1501 2357 1539 2390 et
1565 2353 1631 2390 alii
1648 2353 1764 2389 intel-

273 2423 456 2460 lexerunt
473 2426 511 2459 et
528 2422 742 2459 Lambinus
760 2435 807 2458 ex
823 2421 953 2468 Festo,
981 2435 1019 2470 p.
1041 2423 1140 2459 363:
1178 2422 1454 2468 „Termentum
1478 2434 1550 2470 pro
1577 2433 1633 2467 eo,
1661 2420 1765 2469 quod

275 2504 378 2528 nunc
405 2490 547 2527 dicitur
573 2490 870 2536 detrimentum,
897 2489 1021 2526 utitur
1046 2489 1208 2526 Plautus
1232 2490 1272 2526 in
1296 2487 1596 2527 Bacchidibus“.
1654 2487 1764 2525 Deri-

275 2558 446 2595 vandum
462 2559 584 2606 igitur
600 2557 812 2595 aterendo.
859 2556 936 2593 Pro
958 2560 1144 2607 corrupto
1166 2554 1346 2606 pedibus
1371 2556 1430 2595 ed.
1459 2569 1518 2606 pr.
1545 2556 1764 2605 adoptavit,

276 2626 381 2676 quod
411 2627 451 2663 in
483 2626 593 2664 codd.
625 2625 935 2675 suprascriptum
966 2628 1035 2671 est,
1074 2623 1291 2672 „Pelides“,
1332 2625 1465 2675 idque<
1491 2624 1608 2672 vulgo
1643 2623 1767 2660 secuti

277 2697 380 2741 sunt,
407 2695 584 2744 quamvis
603 2697 641 2731 et
656 2695 828 2731 numeris
853 2692 1075 2740 refragetur
1101 2696 1139 2728 et
1162 2691 1347 2739 historiae,
1377 2705 1446 2730 nec
1471 2693 1575 2728 enim
1592 2690 1766 2728 Achilles

277 2761 438 2800 Troiam
475 2762 728 2812 expugnavit.
805 2761 1099 2809 Kampmannus
1134 2759 1293 2808 „peius“
1339 2760 1524 2806 coniecit,
1573 2757 1681 2808 quod
1711 2759 1770 2794 ita
