1897 3171
782 202 825 236 V.
853 204 1041 238 312—343.
1578 208 1659 248 553

169 330 363 376 testiculi,
409 330 558 378 vulvae,
606 330 790 381 sincipita
829 333 1007 378 verrina,
1055 336 1100 370 ut
1139 336 1269 371 tamen
1299 333 1415 371 Publi
1452 336 1658 371 mimorum

170 400 297 447 poetae
330 411 434 444 cena,
466 400 676 448 postquam
709 399 940 436 servitutem
973 404 1147 446 exuerat,
1180 401 1288 438 nulla
1311 406 1551 439 memoratur
1576 403 1660 439 sine

95 515 98 518 Δ
171 464 388 512 abdomine,
422 467 538 503 etiam
568 466 761 504 vocabulo
793 468 956 504 suminis
988 467 1035 504 ab
1068 480 1112 505 eo
1143 466 1442 519 imposito“.—-
1472 466 1558 507 Ain
1588 468 1658 507 tu?

169 533 194 570 i.
214 545 246 571 e.
272 533 379 570 itane
410 532 531 571 vero?
578 534 651 572 Hic
667 535 1021 585 interpungendum
1054 539 1123 581 est,
1155 550 1245 583 non,
1278 540 1323 574 ut
1352 537 1469 587 vulgo
1493 537 1656 585 faciunt,

169 604 262 651 post
297 600 455 648 „haec“.
503 601 684 639 Ceterum
716 606 784 639 aut
813 598 900 640 Am
930 602 1168 651 bisyllabum
1201 608 1260 641 est
1289 605 1481 654 producta
1511 606 1658 654 priore,

171 672 240 705 aut
270 674 363 720 post
396 668 488 716 „tu“
524 669 668 708 hiatur.
729 670 885 708 Mulier.
917 673 1090 721 transp.:
1128 671 1244 718 „haec
1277 671 1443 710 omnia“.
1476 693 1531 698 —
1564 674 1657 711 324.

171 734 372 785 carnario,
405 738 451 775 of.
480 738 529 775 ad
555 738 664 788 Capt.
694 738 786 776 909.
806 758 861 763 --
882 739 1073 786 sortasse,
1107 740 1131 776 i.
1161 753 1192 777 e.
1219 740 1349 786 credo,
1383 741 1428 778 cf.
1456 742 1563 779 Asin.
1592 743 1657 780 37.

169 804 254 842 Mil.
283 806 383 842 283:
421 805 580 852 „Nescis
604 809 649 842 tu
681 804 887 843 fortasse“.
949 806 1036 844 Ter.
1064 806 1163 845 Eun.
1196 809 1321 845 1020:
1359 807 1459 854 „Sed
1490 810 1529 846 in
1556 810 1657 847 diem

168 873 282 915 istuc,
315 872 521 920 Parmeno,
555 878 614 911 est
644 873 853 912 fortasse“.
901 874 1050 911 Eodem
1076 874 1191 911 modo
1216 874 1354 922 Graeci,
1387 880 1432 912 ut
1454 877 1658 927 Aristoph.

168 939 269 978 Ran.
303 941 402 979 224:
450 942 532 990 ὑμῖν
562 942 592 977 ὅ)
624 945 710 984 ἴσως
741 942 841 979 οὐδὲν
871 944 977 990 μέλει.
1038 942 1218 992 Xenoph.
1251 943 1324 980 An.
1357 943 1406 990 II,
1442 947 1476 990 5,
1511 946 1575 982 23.
1609 945 1658 982 al.

171 1028 221 1034 -
266 1010 357 1047 325.
403 1005 514 1058 Quae
549 1011 723 1048 refertur
753 1011 802 1047 ad
834 1024 890 1057 ea,
924 1023 1011 1060 quae
1043 1015 1323 1049 enumerantur
1353 1024 1389 1048 v.
1427 1013 1525 1058 3233
1572 1026 1658 1062 quae

139 1114 142 1117 ,
168 1076 430 1124 intercedunt,
454 1079 700 1127 parenthesis
724 1079 852 1116 locum
876 1082 1025 1116 tenent.
1046 1098 1093 1104 —
1123 1077 1276 1117 scimus
1292 1079 1406 1117 Both.
1435 1093 1520 1126 em.,
1553 1090 1588 1118 V.
1609 1081 1661 1118 ad

168 1145 311 1195 Amph.
340 1146 432 1184 661.
457 1166 513 1172 -—
542 1148 634 1184 327.
669 1144 777 1195 quod
798 1147 913 1184 Both.
933 1160 1018 1193 em..
1051 1148 1076 1184 i.
1102 1160 1133 1184 e.
1161 1147 1209 1183 ob
1234 1148 1349 1197 quod,
1383 1161 1418 1185 v.
1444 1148 1493 1185 ad
1516 1148 1658 1198 Amph.

171 1214 263 1250 902.
327 1214 415 1252 add.
441 1214 559 1251 Most.
587 1216 686 1252 774:
725 1215 862 1261 „Quod
889 1228 950 1251 me
976 1216 1148 1261 miseras,
1183 1215 1320 1253 adfero
1345 1228 1458 1253 omne
1484 1218 1660 1265 inpetra-

167 1280 293 1320 tum“.
333 1281 570 1332 Epid.13.2:
603 1283 733 1332 „quod
750 1287 835 1320 tute
852 1283 901 1319 ad
918 1296 978 1319 me
996 1283 1151 1320 litteras
1168 1281 1476 1321 missiculabas“.
1517 1284 1657 1322 Pseud.

170 1350 269 1387 277:
305 1349 414 1398 ‚‚ho(:‚
447 1351 553 1399 quod
584 1356 623 1388 te
653 1364 896 1397 reuocamus,
931 1364 1075 1400 quaeso
1103 1352 1274 1388 animum
1301 1351 1509 1390 aduorte“.
1555 1352 1660 1389 infra

169 1418 263 1455 456.
323 1417 440 1468 Epid.
470 1419 571 1456 452:
615 1424 682 1467 „ut
707 1419 813 1469 quod
839 1419 887 1456 ad
910 1423 949 1456 te
975 1420 1092 1456 uenio
1125 1418 1363 1468 intelligas“.
1417 1420 1521 1457 Men.
1557 1421 1658 1457 664:

172 1485 286 1533 „Scin
314 1486 408 1536 quid
433 1492 502 1533 est,
530 1487 635 1537 quod
664 1487 714 1524 ad
737 1491 776 1524 te
800 1485 959 1525 uenio“.
1002 1487 1122 1525 Poen.
1143 1489 1235 1525 954.
1283 1487 1403 1525 Stich.
1428 1487 1526 1525 131:
1563 1487 1659 1534 „hoc

169 1557 228 1591 est
243 1554 349 1603 quod
366 1554 416 1592 ad
433 1567 501 1592 uos
517 1556 633 1592 uenio
653 1555 837 1605 quodque
856 1569 939 1592 esse
957 1556 1089 1592 ambas
1107 1559 1321 1593 conuentas
1339 1553 1471 1593 uolo“.
1489 1575 1544 1580 --
1564 1557 1659 1593 328.

167 1620 206 1660 Si
236 1620 339 1660 mihi
370 1633 538 1672 operam
571 1620 709 1670 dabis,
750 1626 781 1660 si
812 1637 873 1660 me
905 1624 1051 1661 audies.
1124 1621 1243 1661 (labis
1273 1624 1365 1661 olim
1397 1623 1658 1661 emendatum.

167 1710 223 1716 —-
243 1692 334 1729 331.
369 1687 525 1739 Scire&
557 1690 695 1738 „eum“
716 1691 830 1729 facile
854 1692 1025 1739 intelligi
1041 1693 1188 1741 potuit;
1221 1693 1350 1730 ironia
1367 1692 1509 1729 subest.
1557 1689 1663 1730 uelle

167 1757 360 1809 qratiam,
394 1760 439 1798 of.
467 1760 560 1798 426.
587 1780 642 1785 *-
677 1761 767 1797 333.
801 1761 922 1809 atque
946 1758 1058 1807 adeo,
1094 1764 1132 1796 et
1157 1760 1326 1809 quidem⁷
1360 1760 1537 1798 cf.T1·uc.
1559 1759 1659 1797 356:

173 1827 392 1878 „uapulabo
418 1828 548 1865 hercle
574 1840 645 1876 ego
673 1842 787 1875 nunc,
815 1833 934 1878 atque
961 1829 1058 1866 adeo
1083 1825 1223 1866 male“.
1248 1848 1303 1853 —
1331 1829 1423 1866 334.
1455 1828 1495 1866 Si
1526 1840 1661 1865 versus

167 1898 323 1944 integer
354 1901 424 1943 est,
457 1896 592 1933 hiatur
622 1901 712 1947 post
749 1896 966 1946 .‚argenti“.
1036 1897 1095 1934 Fl.
1128 1893 1361 1933 maximam“
1397 1895 1469 1942 ed.,
1502 1896 1660 1933 Miiller.

172 1964 309 2012 „Quod
339 1964 460 2011 tibist,
494 1966 586 2002 item
619 1965 695 2002 sibi
727 1966 850 2003 esse‘'.
905 1965 985 2002 PH.
1019 1965 1131 2011 Quid.
1180 1964 1257 2003 CU.
1290 1964 1473 2014 Magnam
1505 1966 1662 2011 argenti

135 2031 382 2082 vinopiam‘st
427 2052 473 2058 —
519 2034 611 2071 337.
660 2030 876 2072 deuenisse
907 2033 1059 2070 Camer.
1100 2046 1170 2070 em.
1213 2034 1363 2083 aptiore
1401 2032 1534 2069 verbo.
1603 2031 1662 2068 De

167 2100 362 2138 infinitivo
394 2115 429 2138 v.
456 2101 506 2138 ad
532 2101 671 2139 Bacch.
700 2102 792 2139 234.
847 2098 1020 2139 militem
1051 2101 1254 2138 indefinite
1287 2100 1557 2150 accipiendum
1589 2104 1659 2146 est-⁷

168 2182 238 2206 nec
285 2173 345 2206 est
391 2169 494 2219 quod
537 2183 620 2207 cum
661 2169 776 2218 Seyff.
818 2169 926 2207 stud.
967 2184 1005 2219 p.
1044 2170 1090 2206 15
1130 2182 1284 2206 versum
1323 2168 1663 2217 Therapontigoni

167 2250 308 2274 nomen
339 2238 606 2275 continentem
638 2237 829 2275 excidisse
860 2241 1054 2288 putemus
1087 2257 1139 2262 —
1182 2239 1272 2275 339.
1316 2234 1500 2273 dextram
1531 2234 1660 2280 codd„

171 2306 216 2347 cf.
237 2307 336 2352 3073
374 2305 623 2353 „dexteram“
662 2306 788 2352 Both„
822 2320 869 2343 ne
902 2320 1035 2343 versus
1062 2305 1216 2343 diaeresi
1245 2308 1396 2345 careat:
1428 2308 1512 2340 tum
1542 2301 1664 2352 νομαί

171 2371 273 2422 quid
307 2379 610 2425 pro.anapaesto
651 2375 871 2424 legendum.
911 2394 966 2400 —
1014 2375 1105 2412 340.
1156 2370 1315 2410 uenisse
1346 2373 1388 2409 B.
1421 2384 1536 2407 manu
1575 2383 1654 2420 pr.;

170 2454 246 2479 sec.
278 2446 323 2480 ut
354 2447 444 2480 cett.
481 2441 754 2490 .‚aduenisse“.
826 2437 912 2489 Ibi,
952 2447 1054 2487 tum,
1099 2441 1145 2478 cf.
1179 2440 1319 2490 Amph.
1354 2440 1446 2476 246.
1478 2458 1532 2463 —
1567 2440 1659 2475 341.

172 2508 413 2559 trapezitam
451 2511 562 2549 codd.
595 2511 657 2548 hic
695 2515 734 2548 et
765 2512 845 2548 406
879 2515 917 2547 et
950 2512 1028 2548 708
1060 2511 1187 2559 prima
1219 2509 1353 2555 longa,
1396 2506 1464 2543 sed
1495 2506 1661 2543 Romani

170 2580 324 2629 antiqui
353 2581 603 2630 tarpessitam
637 2579 781 2616 dixisse
811 2578 1006 2625 videntur,
1039 2591 1073 2614 v.
1101 2577 1148 2613 ad
1174 2576 1286 2626 Capt.
1324 2576 1399 2612 192
1433 2578 1471 2611 et
1502 2574 1657 2620 Proleg.

169 2661 208 2697 p.
237 2649 329 2686 208.
355 2667 408 2672 -
434 2647 526 2685 342.
560 2647 605 2684 In
629 2647 759 2684 vivida
783 2647 1006 2684 narratione
1032 2645 1228 2682 omittitur
1259 2640 1451 2691 „inquit“‚
1484 2645 1529 2677 ut
1557 2653 1661 2690 saepe

168 2716 210 2752 in
239 2716 430 2766 proximis
463 2720 501 2752 et
536 2716 627 2753 596.
659 2735 714 2740 —
748 2716 839 2752 343.
885 2711 1005 2763 Quia,
1047 2712 1160 2760 quasi
1190 2711 1451 2761 praecessisset
1487 2709 1588 2756 „Cur
1619 2708 1660 2746 id

171 2781 366 2832 quaeris?“
413 2784 458 2822 cf.
491 2784 594 2820 infra
627 2784 704 2821 685
740 2788 779 2820 et
810 2786 888 2819 not.
923 2781 971 2817 ad
1003 2780 1143 2830 Amph.
1178 2780 1270 2816 788.
1307 2798 1354 2803 -
1393 2778 1483 2814 344.
1526 2777 1662 2814 Oratio
