1897 3171
746 214 786 247 V.
816 215 1005 248 941—958.
1528 220 1608 257 435

122 345 156 380 A
182 347 222 380 et
246 345 379 380 ceteri.
433 343 563 380 Herm.
582 343 627 380 R.
645 343 706 380 Fl.
739 344 854 389 „item
879 343 945 379 ille
970 341 1049 379 se“.
1096 342 1289 392 Equidem
1315 344 1457 381 malum
1482 348 1609 394 septe-

123 413 273 449 narium
291 423 363 461 pro
380 412 514 461 spurio
531 412 747 448 habuerim.
764 431 820 435 —-
839 412 931 447 948.
964 410 1118 447 Novum
1145 412 1258 459 quasi
1285 416 1402 462 caput
1424 414 1616 450 orationis

124 479 280 517 ordiens
305 493 327 517 a
350 480 561 517 trochaicis
586 480 757 517 numeris
781 480 932 529 incipit,
968 479 1036 515 sed
1052 473 1150 527 'post
1174 483 1255 516 tres
1283 483 1504 518 octonarios
1530 495 1616 518 cum

124 538 347 598 septenario
372 548 528 585 iambici
545 549 737 585 octonarii
752 548 929 585 redeunt.
951 567 1000 572 —
1027 545 1164 594 forent
1185 548 1215 584 Β
1234 551 1272 585 et
1295 548 1334 586 C.
1354 549 1502 587 Ritsch.
1521 563 1567 586 ex
1583 550 1618 586 A

127 615 300 665 ,‚fuere“,
312 620 447 654 contra
458 619 665 654 rationem.
693 617 801 654 Idem
817 617 857 653 in
873 617 1054 666 proximo
1072 629 1188 653 versu
1201 647 1218 663 .,
1227 617 1390 653 alterum
1409 616 1616 655 autemst“.

123 685 204 722 Nec
220 698 314 722 sane
330 685 458 734 placet
475 684 599 722 etiam
615 699 687 735 pro
703 689 787 723 tum
811 689 878 722 aut
901 699 1021 735 porro
1048 687 1241 735 positum3
1273 686 1341 722 sed
1357 687 1481 735 magis
1500 687 1617 723 offen-

126 754 184 791 dit
200 754 271 801 est,
296 767 368 803 pro
395 767 472 803 quo
489 755 711 791 necessario
728 754 957 804 postulatur
980 752 1084 801 fuist
1117 754 1223 802 quod
1247 754 1485 791 substituere
1503 768 1619 792 ausus

126 835 223 859 sum.
284 821 411 859 Troiae
444 823 498 858 ait
530 819 608 860 {ricc
638 820 772 870 fuisse
802 822 906 870 Γαΐα,
943 825 967 860 i.
1002 837 1033 860 e.
1068 823 1145 858 tria
1175 826 1356 872 tempora
1387 823 1527 860 fatalia
1558 824 1620 860 vel

126 890 311 940 pericula,
339 903 424 939 quae
443 893 475 928 si
493 893 642 928 evitare
660 893 864 940 potuisset,
893 895 1008 940 capta
1026 905 1102 928 non
1121 895 1235 928 esset.
1283 891 1456 928 Primum
1475 904 1620 941 expug—

126 960 210 996 nari
227 971 304 996 non
320 972 445 1008 posse,
465 959 653 1008 quamdiu
671 961 874 1009 antiquum
892 960 1080 996 Minervae
1097 959 1359 1005 simulacrum,
1385 960 1619 1007 Palladium,

127 1029 168 1064 in
201 1041 289 1065 arce
320 1031 558 1074 servaretur,
593 1028 698 1077 quod
730 1029 866 1067 Ulixes
899 1032 939 1065 et
970 1028 1179 1065 Diomedes
1211 1028 1319 1065 furto
1352 1028 1621 1075 abstulerunt,

127 1100 210 1133 tum
243 1109 359 1146 quam
392 1095 460 1133 diu
484 1096 640 1133 Troilus
664 1098 848 1134 minimus
879 1100 975 1133 natu
1002 1096 1174 1134 filiorum
1198 1096 1344 1133 Priami
1376 1099 1481 1134 inter
1512 1098 1622 1133 vivos

128 1169 249 1211 esset,
297 1178 411 1214 quem
451 1168 649 1214 oppressit
689 1169 728 1202 et
772 1165 918 1202 occidit
956 1165 1147 1211 Achilles3
1196 1165 1384 1214 denique,
1434 1166 1623 1214 quamdiu

126 1234 282 1271 moenia
312 1234 383 1270 illa
414 1233 577 1271 deorum
608 1233 786 1271 manibus
826 1234 929 1271 sacta
960 1235 1115 1281 integra
1146 1237 1310 1279 starent,
1345 1247 1430 1282 quae
1462 1234 1623 1272 Troiani

128 1303 217 1352 ipsi,
252 1306 295 1339 ut
324 1302 496 1351 ligneum
529 1315 672 1351 equum
702 1305 744 1340 in
775 1303 911 1339 urbem
937 1304 1174 1353 reciperent,
1209 1302 1429 1339 diruerunt.
1477 1302 1624 1340 Eadem

128 1371 214 1408 fata
255 1370 415 1408 Servius
456 1374 733 1408 commemorat
771 1371 820 1408 ad
851 1372 941 1409 AEn.
974 1372 1030 1418 Π,
1077 1371 1123 1408 13
1166 1374 1206 1408 et
1245 1372 1344 1418 214,
1394 1372 1461 1420 qui
1505 1385 1624 1420 quum

129 1441 250 1477 etiam
289 1439 462 1476 Plautini
502 1440 576 1476 loci
613 1440 849 1489 mentionem
895 1441 1033 1486 faciat,
1082 1441 1199 1477 limen
1240 1453 1396 1489 quoque
1442 1453 1624 1489 superum

130 1512 256 1558 portae
302 1509 499 1554 nominat,
553 1509 593 1544 in
627 1521 751 1557 eoque
782 1508 894 1545 addit
924 1509 1147 1558 sepulcrum
1178 1508 1461 1546 Laomedontis
1493 1509 1624 1556 fuisse,

130 1590 217 1626 quae
258 1577 520 1626 posteriorum
561 1577 906 1625 grammaticorum
944 1577 1155 1614 hariolatio
1194 1577 1314 1614 fuisse
1354 1577 1521 1615 videtur.
1590 1578 1626 1615 Is

130 1649 262 1683 autem
308 1658 428 1694 quum
478 1641 674 1692 „Scaea1n“
721 1649 877 1695 portam
917 1645 1102 1692 dixisset,
1158 1646 1245 1683 edd.
1286 1646 1377 1683 inde
1428 1660 1449 1683 a
1498 1647 1626 1696 primo

135 1717 297 1764 „portae
342 1711 510 1750 Scaeae“
561 1713 788 1759 ediderunt,
838 1713 930 1750 dum
971 1714 1118 1751 Ritsch.
1167 1714 1344 1752 codicum
1391 1716 1625 1764 scripturam

130 1783 307 1820 reduxit:
332 1782 485 1831 portae
518 1778 736 1831 Plzergsqe'ctc.
759 1802 810 1806 —-
839 1779 970 1820 Troili
1000 1793 1125 1829 mors,
1159 1797 1276 1832 quam
1301 1787 1340 1819 et
1363 1787 1489 1832 poetae
1516 1797 1626 1820 cane-

129 1851 227 1888 bant
257 1854 297 1888 et
326 1850 498 1888 artifices
529 1863 633 1899 saepe
673 1851 910 1900 pingebant,
954 1865 989 1888 v.
1024 1851 1248 1897 Overbeck,
1282 1852 1504 1889 Bildwerke
1537 1866 1625 1889 zum

131 1919 381 1957 Thebischen·
407 1932 445 1956 u,
473 1918 689 1956 Troischen
721 1919 994 1965 Heldenkreis,
1034 1934 1071 1969 p.
1107 1921 1186 1957 338
1220 1934 1303 1970 sqq.
1336 1941 1391 1945 -—
1424 1922 1516 1958 951.
1550 1921 1627 1957 Pro

134 1985 192 2026 eis
208 1987 396 2038 Geppert.
414 2001 452 2038 p.
473 1989 523 2024 37
554 1986 682 2035 „illis'·'
712 2001 758 2024 ex
781 1989 961 2035 vestigiis
979 1989 1243 2026 Ambrosiam.
1268 2009 1313 2013 -*
1335 1989 1475 2027 nostro
1499 1990 1629 2026 Meur-

138 2058 218 2094 sius
250 2069 322 2094 em.
365 2077 413 2081 -
466 2058 559 2093 953.
602 2053 657 2093 ‘flul
686 2060 840 2104 tempus
873 2057 1088 2106 significat,
1123 2058 1168 2094 cf.
1204 2060 1296 2095 957.
1358 2058 1500 2107 Amph.
1536 2059 1628 2095 246.

136 2144 195 2150 —-
224 2125 318 2162 954.
362 2124 458 2162 tame
486 2125 533 2162 A.
565 2144 621 2148 —
653 2126 746 2162 955.
789 2122 921 2162 detuli
952 2125 1085 2172 codd.;
1134 2126 1296 2173 „tetulr‘
1333 2127 1554 2173 Acidalius,
1587 2130 1631 2163 ut

137 2193 238 2240 8063
269 2192 337 2230 sed
361 2193 462 2231 conf.
488 2193 607 2230 Poen.
635 2195 736 2231 784:
774 2195 865 2242 „qui
897 2193 946 2230 ad
977 2198 1016 2230 te
1048 2198 1246 2232 trecentos
1279 2196 1393 2232 modo
1425 2196 1631 2245 Philippos

138 2259 319 2299 detulit&
359 2262 408 2299 al.
480 2262 578 2299 Tum
619 2262 752 2299 Herm.
797 2260 918 2309 „eg0“
963 2263 1074 2300 addit
1111 2267 1202 2313 post
1245 2262 1374 2310 ..ibi“;
1421 2268 1630 2312 utrumque

137 2330 183 2368 R.
215 2329 275 2368 Fl.
317 2333 546 2379 sequuntur.
588 2350 644 2355 —
690 2332 783 2368 957.
831 2328 1050 2378 adsimulo,
1100 2329 1261 2371 Ulixem
1300 2332 1343 2370 ut
1384 2329 1630 2381 prcedicmzz‘,

138 2400 164 2436 i.
197 2411 229 2436 e.
263 2411 445 2448 comparo
485 2412 568 2436 cum
609 2400 783 2447 periculo
822 2400 969 2447 Ulixis,
1018 2414 1132 2449 quem
1171 2401 1408 2450 praedicant3
1457 2400 1551 2437 dure
1593 2403 1631 2436 et

141 2466 406 2508 ἅνακολούθως.
467 2467 523 2504 Cf.
556 2467 644 2505 Ter.
678 2468 835 2505 Phorm.
873 2470 945 2506 53:
996 2469 1236 2516 „Conueniet
1265 2482 1469 2515 numerus,
1511 2482 1631 2517 quan-

141 2539 225 2572 tum
253 2532 413 2572 debui“.
437 2555 494 2560 —
519 2537 597 2573 958
625 2549 681 2585 sq.
714 2537 905 2574 trochaici
931 2540 1143 2586 septenarii
1169 2542 1269 2583 sunt,
1303 2550 1412 2585 quos,
1447 2538 1630 2585 quoniam

142 2606 286 2653 praeter
324 2607 492 2641 metrum
530 2605 628 2641 nihil
666 2605 848 2651 offendit,
891 2607 1046 2643 incuria
1085 2606 1251 2655 quadam
1285 2605 1469 2641 Plautum
1508 2606 1631 2641 immi-

144 2673 286 2709 scuisse
319 2672 571 2720 crediderim3
611 2674 656 2711 cf.
683 2674 826 2723 Amph.
856 2676 961 2712 1080
994 2689 1050 2723 sq.
1078 2673 1313 2710 Ritschelius
1340 2672 1560 2710 Acidalium
1593 2676 1633 2709 et

144 2739 332 2788 Pyladem
369 2744 526 2778 secutus
557 2743 612 2779 sic
642 2742 790 2779 iambos
823 2743 1085 2779 continuavit:
1136 2742 1220 2779 ..Ab
1252 2741 1401 2778 Helena
1436 2738 1630 2790 cognitum

150 2838 268 2846 .....
302 2809 514 2846 Blanditiis
546 2810 593 2846 ab
628 2811 693 2846 illa
726 2813 869 2847 exemit
901 2841 908 2847 .
929 2841 934 2846 .
957 2810 1014 2856 ,³3
1062 2810 1240 2857 Seyffert.
1274 2814 1423 2846 autem:
1477 2815 1554 2850 ..sei
1590 2814 1626 2845 111

1300 2885 1364 2919 28*
