1897 3171
249 175 328 212 272
891 170 1091 204 Aulularia.

246 299 482 350 septenariis
512 298 721 336 trochaicis
748 299 905 345 similes,
938 298 1044 348 quod
1070 299 1193 336 altera
1217 312 1307 348 pars
1332 312 1464 336 versus
1489 299 1568 336 fere
1600 300 1736 337 eadem

246 369 309 414 sit,
348 368 417 405 sed
456 370 494 404 et
531 367 664 415 priore
704 370 816 416 parte
847 367 946 404 nihil
977 367 1057 403 fere
1089 380 1110 403 a
1140 380 1257 416 prosa
1288 369 1466 404 oratione
1497 367 1734 414 differentes,

247 439 285 472 et
316 448 364 472 ne
394 437 435 472 in
466 435 534 472 illo
567 434 741 484 quidem,
789 448 903 484 quem
935 434 1121 480 diximus,
1163 434 1362 472 trochaico
1403 435 1509 471 exitu
1541 435 1614 472 sibi
1646 449 1736 473 con-

246 506 409 550 stantes,
441 505 485 540 ut
507 516 642 540 versus
667 502 906 550 distinguere
930 501 1203 539 difficillimum
1228 516 1297 539 nec
1322 502 1369 540 ab
1384 503 1466 540 ullo
1485 502 1636 539 editore
1652 506 1736 540 ten-

244 574 371 608 tatum
403 583 500 619 opus
531 572 595 607 sit.
653 570 817 608 Omnino
840 571 998 619 poetica
1024 583 1085 606 ars
1111 571 1325 620 perexigua
1350 571 1464 617 inest,
1497 584 1737 620 quamquam

246 639 415 688 aequales
439 638 615 675 fabulam
631 638 769 676 Plauto
794 652 872 676 non
888 638 1090 686 indignam
1107 637 1341 676 habuerunt.
1403 637 1560 676 Servius
1578 639 1737 687 quidem

246 707 270 743 1.
303 707 328 743 l.
363 706 574 753 Querolum
604 706 745 743 Plauto
777 707 972 756 assignat,
1016 709 1055 742 et
1086 719 1163 743 una
1195 719 1281 743 cum
1312 705 1505 744 Plautinis
1537 706 1736 743 comoediis

247 775 444 825 descripta
469 777 526 812 est
548 777 589 812 in
615 774 699 812 cod.
728 773 1122 811 Palatino-Vaticano
1152 773 1257 811 1615
1287 770 1376 821 (B),
1409 773 1476 811 ubi
1501 774 1617 810 etiam
1646 774 1736 810 Am-

246 843 499 892 phitruonem
531 842 739 880 antecedit.
809 841 885 878 Pro
916 841 1099 878 Plautina
1138 842 1270 891 itaque
1308 842 1530 879 habuerunt
1561 843 1738 891 proxima

245 911 407 957 saecula,
450 910 665 959 habuitque
695 910 836 946 Vitalis
874 910 960 956 ille,
1008 911 1075 959 qui
1113 913 1156 947 ut
1186 909 1513 958 Amphitruonem
1553 906 1619 958 (de
1661 923 1738 959 qua

244 979 323 1017 vid.
357 979 433 1017 vol.
464 979 494 1025 Ι,
533 992 571 1028 p.
606 976 702 1024 230)
752 978 807 1014 ita
846 977 1057 1023 Querolum
1095 991 1164 1015 suo
1202 991 1310 1014 more
1348 977 1529 1027 elegiacis
1560 978 1737 1015 versibus

244 1048 442 1094 tractavit,
475 1050 519 1084 ut
550 1047 633 1095 ipse
667 1047 722 1083 ait
752 1046 793 1082 in
826 1048 1001 1083 extremo
1034 1047 1217 1095 prologo:

416 1115 508 1152 Haec
540 1126 627 1150 mea
658 1114 721 1151 vel
751 1113 880 1150 Plauti
912 1114 1099 1151 comoedia
1130 1127 1271 1150 nomen
1304 1113 1351 1150 ab
1385 1113 1463 1150 olla

517 1182 672 1227 Traxit3
705 1181 773 1218 sed
804 1181 934 1218 Plauti
968 1195 1052 1231 quae
1085 1181 1170 1229 fuit,
1204 1182 1269 1218 illa
1301 1195 1385 1218 mea
1418 1186 1488 1219 est.

416 1251 577 1288 Cui-tavi
608 1250 815 1297 Plautum,
847 1249 1029 1286 Plautum
1061 1250 1142 1286 haec
1174 1251 1326 1287 iactura
1357 1250 1510 1297 beavit,

516 1318 569 1357 Ut
601 1319 758 1368 placeat
791 1318 964 1363 Plautus,
998 1319 1144 1368 scripta
1177 1318 1319 1355 Vitalis
1353 1322 1497 1355 emunt.

415 1386 679 1437 Amphitryon
712 1399 847 1435 nuper,
880 1399 981 1423 nunc
1015 1386 1217 1423 Aulularia
1249 1386 1407 1423 tandem

519 1454 732 1492 Senserunt
766 1455 872 1490 senio
902 1467 1039 1503 pressa
1072 1454 1212 1490 Vitalis
1243 1466 1369 1503 opem.

360 1523 570 1569 Querolum
615 1522 765 1572 primus
812 1521 935 1559 edidit
973 1522 1014 1559 P.
1055 1521 1193 1559 Daniel
1232 1522 1393 1558 Parisiis
1437 1524 1561 1568 15643
1597 1522 1736 1560 deinde

243 1591 505 1630 Commelinus
547 1603 579 1627 a.
628 1591 731 1626 1595
780 1588 915 1626 addito
962 1591 1079 1627 etiam
1126 1589 1267 1626 Vitalis
1320 1594 1533 1640 poemate3
1592 1590 1735 1628 Pareus

243 1664 371 1697 autem
429 1660 632 1709 „quamvis
686 1656 1041 1707 1157110110111113911111ις
1100 1657 1293 1695 Plautinis
1348 1658 1490 1695 fabulis
1544 1658 1733 1697 adiunxit.

242 1728 378 1778 Nuper
428 1726 697 1773 „Aululariam
736 1727 817 1763 sive
859 1722 1094 1771 Querolu1n“
1141 1729 1321 1763 accurate
1364 1726 1488 1764 edidit
1519 1727 1563 1765 R.
1597 1726 1736 1776 Peiper

244 1796 353 1845 LiPS.
392 1797 510 1833 1875.

358 1863 435 1901 Sed
478 1867 521 1900 ut
567 1862 617 1899 ad
663 1862 846 1899 Plautum
892 1862 1016 1910 ipsum
1059 1865 1313 1909 revertamur,
1361 1863 1608 1900 Aululariam
1652 1864 1735 1900 eius

242 1932 483 1969 recentiores
517 1943 670 1980 quoque
703 1933 831 1980 poetae
864 1942 940 1966 non
971 1930 1085 1978 pauci
1117 1930 1263 1966 imitati
1295 1934 1398 1967 sunt.
1458 1930 1540 1967 Iam
1564 1944 1596 1968 a.
1629 1932 1732 1968 1535

243 1998 474 2037 Germanice
499 2012 652 2036 versam
677 2011 760 2035 esse
785 1997 909 2034 tradit
932 1997 1159 2046 Lessingius
1194 1995 1417 2044 (Schriften,
1443 2012 1478 2036 v.
1497 1998 1733 2044 Lachmann,

242 2067 311 2113 III,
345 2067 381 2105 S.
417 2063 500 2116 22).
575 2066 634 2103 Ex
671 2065 876 2102 Aulularia
906 2065 1077 2102 Joannes
1108 2065 1290 2114 Baptista
1322 2065 1425 2104 Gelli
1465 2067 1505 2103 in
1546 2066 1732 2112 fabulam,

243 2148 329 2184 quae
378 2134 459 2182 „La
499 2132 665 2183 Sporta‘*
716 2133 871 2179 dicitur,
919 2131 1130 2170 Florentiae
1178 2147 1280 2171 anno
1332 2136 1436 2173 1543
1485 2139 1609 2172 actam
1655 2148 1734 2171 non

241 2216 367 2253 pauca
389 2202 613 2249 transtulit3
646 2201 816 2239 Molierii
844 2204 972 2237 autem
998 2201 1150 2238 Avarus
1176 2198 1370 2252 (l'Avare)
1396 2203 1513 2251 vulgo
1539 2206 1632 2239 nota
1660 2206 1732 2240 est.

243 2271 317 2317 Qui
356 2269 462 2320 quod
502 2283 620 2308 avaro
660 2269 806 2306 homini
853 2281 992 2305 nomen
1032 2269 1218 2318 imposuit
1258 2270 1525 2320 Harpagonis,
1572 2270 1642 2307 hoc
1689 2283 1734 2307 ex

243 2338 363 2377 Codri
386 2338 502 2376 Urcei
526 2338 811 2388 supplementis
836 2337 1023 2386 sumpsit,
1057 2336 1124 2374 ubi
1155 2351 1191 2375 v.
1219 2339 1269 2375 26
1303 2351 1386 2388 sqq.
1419 2338 1499 2375 haec
1530 2339 1731 2388 leguntur:

246 2407 443 2455 „Tenaces
474 2407 636 2443 nimium
668 2405 847 2441 dominos
878 2407 1014 2441 nostra
1045 2408 1143 2441 aetas
1174 2406 1281 2452 tulit,
1325 2406 1430 2452 Quos
1462 2407 1731 2456 Harpagones,

242 2475 438 2525 Harpyias
485 2478 522 2511 et
569 2473 760 2510 Tantalos
798 2471 944 2508 Vocare
990 2470 1138 2510 soleo‘.
1213 2473 1386 2511 Molierii
1431 2477 1562 2512 autem
1601 2478 1674 2512 act.
1713 2476 1728 2511 1

242 2556 346 2580 scen.
381 2545 401 2580 3
436 2555 649 2592 compares,
682 2541 713 2578 si
743 2540 884 2590 placet,
919 2553 1003 2576 cum
1035 2539 1165 2577 Plauti
1197 2554 1231 2579 v.
1259 2542 1310 2579 40
1337 2555 1422 2591 sqq.
1455 2546 1492 2579 et
1527 2543 1605 2580 622
1632 2555 1730 2592 sqq„

245 2614 319 2648 act.
354 2612 376 2647 4
409 2624 510 2648 scen.
539 2612 559 2647 7
595 2623 679 2647 cum
711 2622 748 2647 v.
775 2608 854 2645 705
887 2620 985 2656 sqq,
1018 2610 1090 2644 act.
1120 2610 1140 2644 5
1174 2622 1274 2647 scen.
1304 2611 1325 2646 2
1358 2610 1444 2648 init.
1470 2624 1556 2647 cum
1587 2623 1622 2648 v.
1651 2611 1730 2647 390

242 2691 349 2728 sqq,
393 2682 454 2716 act
489 2681 509 2715 5
543 2691 644 2715 scen.
680 2678 700 2713 3
735 2690 819 2714 cum
852 2692 886 2715 v.
921 2679 998 2715 723
1034 2691 1118 2727 sqq.
1194 2677 1311 2727 Apud
1350 2677 1520 2715 Batavos
1567 2677 1732 2714 celebris
