<?xml version="1.0" encoding="UTF-8"?>
<!DOCTYPE html PUBLIC "-//W3C//DTD XHTML 1.0 Transitional//EN"
    "http://www.w3.org/TR/xhtml1/DTD/xhtml1-transitional.dtd">
<html xmlns="http://www.w3.org/1999/xhtml" xml:lang="en" lang="en">
 <head>
  <title>
</title>
<meta http-equiv="Content-Type" content="text/html;charset=utf-8" />
  <meta name='ocr-system' content='tesseract 3.04.00' />
  <meta name='ocr-capabilities' content='ocr_page ocr_carea ocr_par ocr_line ocrx_word'/>
</head>
<body>
  <div class='ocr_page' id='page_1' title='image "./comoediaerecensu02plauuoft_0433.png"; bbox 0 0 1897 3171; ppageno 0'>
   <div class='ocr_carea' id='block_1_1' title="bbox 764 210 1637 255">
    <p class='ocr_par' dir='ltr' id='par_1_1' title="bbox 764 210 1637 255">
     <span class='ocr_line' id='line_1_1' title="bbox 764 210 1637 255; baseline 0 -10"><span class='ocrx_word' id='word_1_1' title='bbox 764 210 805 245; x_wconf 90' lang='lat' dir='ltr'>V.</span> <span class='ocrx_word' id='word_1_2' title='bbox 832 211 1020 245; x_wconf 83' lang='lat'>524-568.</span> <span class='ocrx_word' id='word_1_3' title='bbox 1556 216 1637 255; x_wconf 86' lang='lat'>413</span> 
     </span>
    </p>
   </div>
   <div class='ocr_carea' id='block_1_2' title="bbox 143 340 1639 1140">
    <p class='ocr_par' dir='ltr' id='par_1_2' title="bbox 143 340 1639 1140">
     <span class='ocr_line' id='line_1_2' title="bbox 145 340 1636 391; baseline 0.002 -13"><span class='ocrx_word' id='word_1_4' title='bbox 145 341 371 391; x_wconf 75' lang='lat' dir='ltr'><strong>explorasti,</strong></span> <span class='ocrx_word' id='word_1_5' title='bbox 405 341 451 378; x_wconf 90' lang='lat' dir='ltr'>cf.</span> <span class='ocrx_word' id='word_1_6' title='bbox 477 341 564 378; x_wconf 87' lang='lat' dir='ltr'>Mil.</span> <span class='ocrx_word' id='word_1_7' title='bbox 583 342 654 379; x_wconf 80' lang='lat'>40:</span> <span class='ocrx_word' id='word_1_8' title='bbox 693 340 881 387; x_wconf 88' lang='lat' dir='ltr'>„Nouisse</span> <span class='ocrx_word' id='word_1_9' title='bbox 913 352 1040 376; x_wconf 89' lang='lat' dir='ltr'>mores</span> <span class='ocrx_word' id='word_1_10' title='bbox 1069 343 1160 377; x_wconf 91' lang='lat' dir='ltr'>tuos</span> <span class='ocrx_word' id='word_1_11' title='bbox 1186 354 1246 377; x_wconf 91' lang='lat' dir='ltr'>me</span> <span class='ocrx_word' id='word_1_12' title='bbox 1272 341 1458 379; x_wconf 85' lang='lat' dir='ltr'>meditate</span> <span class='ocrx_word' id='word_1_13' title='bbox 1484 341 1636 382; x_wconf 82' lang='lat' dir='ltr'>decet“.</span> 
     </span>
     <span class='ocr_line' id='line_1_3' title="bbox 145 406 1639 460; baseline 0.002 -14"><span class='ocrx_word' id='word_1_14' title='bbox 145 409 258 447; x_wconf 85' lang='lat' dir='ltr'>Cure.</span> <span class='ocrx_word' id='word_1_15' title='bbox 292 410 385 447; x_wconf 89' lang='lat'>512.</span> <span class='ocrx_word' id='word_1_16' title='bbox 415 428 472 434; x_wconf 80' lang='lat'>—-</span> <span class='ocrx_word' id='word_1_17' title='bbox 505 409 596 447; x_wconf 85' lang='lat'>546.</span> <span class='ocrx_word' id='word_1_18' title='bbox 630 406 662 446; x_wconf 72' lang='lat' dir='ltr'>ii</span> <span class='ocrx_word' id='word_1_19' title='bbox 692 407 1006 457; x_wconf 83' lang='lat' dir='ltr'>monosyllabum</span> <span class='ocrx_word' id='word_1_20' title='bbox 1036 406 1092 455; x_wconf 93' lang='lat' dir='ltr'>fit,</span> <span class='ocrx_word' id='word_1_21' title='bbox 1126 408 1172 445; x_wconf 85' lang='lat' dir='ltr'>cf.</span> <span class='ocrx_word' id='word_1_22' title='bbox 1206 409 1359 459; x_wconf 87' lang='lat' dir='ltr'>Proleg.</span> <span class='ocrx_word' id='word_1_23' title='bbox 1392 424 1429 460; x_wconf 92' lang='lat' dir='ltr'>p.</span> <span class='ocrx_word' id='word_1_24' title='bbox 1464 412 1557 449; x_wconf 91' lang='lat'>212.</span> <span class='ocrx_word' id='word_1_25' title='bbox 1584 432 1639 437; x_wconf 91' lang='lat'><strong>—</strong></span> 
     </span>
     <span class='ocr_line' id='line_1_4' title="bbox 144 474 1635 526; baseline 0.001 -11"><span class='ocrx_word' id='word_1_26' title='bbox 144 474 359 526; x_wconf 73' lang='lat' dir='ltr'>frustrant</span> <span class='ocrx_word' id='word_1_27' title='bbox 378 477 531 515; x_wconf 84' lang='lat' dir='ltr'>Acidal.</span> <span class='ocrx_word' id='word_1_28' title='bbox 564 490 635 514; x_wconf 89' lang='lat' dir='ltr'>em.</span> <span class='ocrx_word' id='word_1_29' title='bbox 654 496 709 502; x_wconf 90' lang='lat'>—</span> <span class='ocrx_word' id='word_1_30' title='bbox 728 477 820 514; x_wconf 81' lang='lat'>547.</span> <span class='ocrx_word' id='word_1_31' title='bbox 853 485 980 524; x_wconf 75' lang='lat' dir='ltr'>aeque</span> <span class='ocrx_word' id='word_1_32' title='bbox 1011 475 1165 512; x_wconf 79' lang='lat' dir='ltr'>addidit</span> <span class='ocrx_word' id='word_1_33' title='bbox 1188 476 1345 515; x_wconf 74' lang='lat' dir='ltr'>Muller.</span> <span class='ocrx_word' id='word_1_34' title='bbox 1371 478 1498 516; x_wconf 77' lang='lat' dir='ltr'>Plaut.</span> <span class='ocrx_word' id='word_1_35' title='bbox 1528 479 1635 517; x_wconf 77' lang='lat' dir='ltr'>Pros.</span> 
     </span>
     <span class='ocr_line' id='line_1_5' title="bbox 143 542 1637 595; baseline 0.002 -12"><span class='ocrx_word' id='word_1_36' title='bbox 143 559 182 595; x_wconf 88' lang='lat' dir='ltr'>p.</span> <span class='ocrx_word' id='word_1_37' title='bbox 212 546 305 583; x_wconf 83' lang='lat'>305.</span> <span class='ocrx_word' id='word_1_38' title='bbox 340 565 396 570; x_wconf 91' lang='lat'>-—</span> <span class='ocrx_word' id='word_1_39' title='bbox 427 544 519 583; x_wconf 79' lang='lat'>549.</span> <span class='ocrx_word' id='word_1_40' title='bbox 553 545 609 582; x_wconf 91' lang='lat' dir='ltr'>De</span> <span class='ocrx_word' id='word_1_41' title='bbox 642 546 783 583; x_wconf 86' lang='lat' dir='ltr'>omisso</span> <span class='ocrx_word' id='word_1_42' title='bbox 821 542 911 591; x_wconf 85' lang='lat' dir='ltr'>„ut“</span> <span class='ocrx_word' id='word_1_43' title='bbox 947 543 1026 581; x_wconf 82' lang='lat' dir='ltr'>vid.</span> <span class='ocrx_word' id='word_1_44' title='bbox 1059 544 1108 580; x_wconf 85' lang='lat' dir='ltr'>ad</span> <span class='ocrx_word' id='word_1_45' title='bbox 1138 544 1278 594; x_wconf 87' lang='lat' dir='ltr'><strong>Amph.</strong></span> <span class='ocrx_word' id='word_1_46' title='bbox 1317 547 1378 583; x_wconf 89' lang='lat'>12.</span> <span class='ocrx_word' id='word_1_47' title='bbox 1412 566 1466 571; x_wconf 81' lang='lat'>-—</span> <span class='ocrx_word' id='word_1_48' title='bbox 1497 545 1637 586; x_wconf 69' lang='lat' dir='ltr'>incon-</span> 
     </span>
     <span class='ocr_line' id='line_1_6' title="bbox 146 610 1637 664; baseline 0.001 -13"><span class='ocrx_word' id='word_1_49' title='bbox 146 610 316 651; x_wconf 69' lang='lat' dir='ltr'>ciliaret.</span> <span class='ocrx_word' id='word_1_50' title='bbox 371 613 479 650; x_wconf 91' lang='lat' dir='ltr'>Festi</span> <span class='ocrx_word' id='word_1_51' title='bbox 516 613 625 664; x_wconf 89' lang='lat' dir='ltr'>Epit.</span> <span class='ocrx_word' id='word_1_52' title='bbox 657 627 695 663; x_wconf 87' lang='lat' dir='ltr'>p.</span> <span class='ocrx_word' id='word_1_53' title='bbox 732 614 831 650; x_wconf 90' lang='lat'>107:</span> <span class='ocrx_word' id='word_1_54' title='bbox 886 612 1195 659; x_wconf 76' lang='lat' dir='ltr'>,.Inconciliasti,</span> <span class='ocrx_word' id='word_1_55' title='bbox 1238 616 1492 663; x_wconf 72' lang='lat' dir='ltr'>comparasti,</span> <span class='ocrx_word' id='word_1_56' title='bbox 1537 629 1637 653; x_wconf 91' lang='lat' dir='ltr'>com-</span> 
     </span>
     <span class='ocr_line' id='line_1_7' title="bbox 144 677 1638 733; baseline 0.002 -15"><span class='ocrx_word' id='word_1_57' title='bbox 144 681 349 728; x_wconf 85' lang='lat' dir='ltr'>mendasti,</span> <span class='ocrx_word' id='word_1_58' title='bbox 382 681 456 728; x_wconf 89' lang='lat' dir='ltr'>vel,</span> <span class='ocrx_word' id='word_1_59' title='bbox 489 687 532 719; x_wconf 86' lang='lat' dir='ltr'>ut</span> <span class='ocrx_word' id='word_1_60' title='bbox 558 682 720 731; x_wconf 75' lang='lat' dir='ltr'>antiqui,</span> <span class='ocrx_word' id='word_1_61' title='bbox 754 694 825 730; x_wconf 88' lang='lat' dir='ltr'>per</span> <span class='ocrx_word' id='word_1_62' title='bbox 856 680 989 717; x_wconf 88' lang='lat' dir='ltr'>dolum</span> <span class='ocrx_word' id='word_1_63' title='bbox 1015 677 1248 730; x_wconf 84' lang='lat' dir='ltr'>decepisti“,</span> <span class='ocrx_word' id='word_1_64' title='bbox 1276 695 1441 731; x_wconf 86' lang='lat' dir='ltr'>quorum</span> <span class='ocrx_word' id='word_1_65' title='bbox 1468 687 1505 720; x_wconf 92' lang='lat' dir='ltr'>et</span> <span class='ocrx_word' id='word_1_66' title='bbox 1528 685 1638 733; x_wconf 90' lang='lat' dir='ltr'>prius</span> 
     </span>
     <span class='ocr_line' id='line_1_8' title="bbox 143 749 1639 800; baseline 0.002 -14"><span class='ocrx_word' id='word_1_67' title='bbox 143 763 372 799; x_wconf 83' lang='lat' dir='ltr'>perversum</span> <span class='ocrx_word' id='word_1_68' title='bbox 418 753 494 796; x_wconf 89' lang='lat' dir='ltr'>est,</span> <span class='ocrx_word' id='word_1_69' title='bbox 541 763 611 787; x_wconf 92' lang='lat' dir='ltr'>nec</span> <span class='ocrx_word' id='word_1_70' title='bbox 649 749 816 786; x_wconf 80' lang='lat' dir='ltr'>alterum</span> <span class='ocrx_word' id='word_1_71' title='bbox 855 751 1023 795; x_wconf 77' lang='lat' dir='ltr'>rectum3</span> <span class='ocrx_word' id='word_1_72' title='bbox 1070 762 1159 785; x_wconf 87' lang='lat' dir='ltr'>nam</span> <span class='ocrx_word' id='word_1_73' title='bbox 1201 754 1352 787; x_wconf 80' lang='lat' dir='ltr'>eeteros</span> <span class='ocrx_word' id='word_1_74' title='bbox 1394 755 1639 800; x_wconf 78' lang='lat' dir='ltr'>comparanti</span> 
     </span>
     <span class='ocr_line' id='line_1_9' title="bbox 143 816 1638 870; baseline 0.002 -16"><span class='ocrx_word' id='word_1_75' title='bbox 143 817 278 854; x_wconf 89' lang='lat' dir='ltr'>Plauti</span> <span class='ocrx_word' id='word_1_76' title='bbox 308 818 433 864; x_wconf 88' lang='lat' dir='ltr'>locos,</span> <span class='ocrx_word' id='word_1_77' title='bbox 474 817 592 855; x_wconf 86' lang='lat' dir='ltr'>Most.</span> <span class='ocrx_word' id='word_1_78' title='bbox 628 819 726 855; x_wconf 88' lang='lat'>603:</span> <span class='ocrx_word' id='word_1_79' title='bbox 778 831 850 864; x_wconf 84' lang='lat' dir='ltr'>„ne</span> <span class='ocrx_word' id='word_1_80' title='bbox 891 816 1143 854; x_wconf 85' lang='lat' dir='ltr'>inconciliare</span> <span class='ocrx_word' id='word_1_81' title='bbox 1183 817 1277 867; x_wconf 87' lang='lat' dir='ltr'>quid</span> <span class='ocrx_word' id='word_1_82' title='bbox 1316 831 1385 855; x_wconf 89' lang='lat' dir='ltr'>nos</span> <span class='ocrx_word' id='word_1_83' title='bbox 1417 832 1535 868; x_wconf 87' lang='lat' dir='ltr'>porro</span> <span class='ocrx_word' id='word_1_84' title='bbox 1568 834 1638 870; x_wconf 91' lang='lat' dir='ltr'>po-</span> 
     </span>
     <span class='ocr_line' id='line_1_10' title="bbox 145 883 1636 934; baseline 0.002 -12"><span class='ocrx_word' id='word_1_85' title='bbox 145 883 310 932; x_wconf 83' lang='lat' dir='ltr'>stules“,</span> <span class='ocrx_word' id='word_1_86' title='bbox 343 885 450 923; x_wconf 86' lang='lat' dir='ltr'>Pers.</span> <span class='ocrx_word' id='word_1_87' title='bbox 471 886 573 923; x_wconf 80' lang='lat'>831:</span> <span class='ocrx_word' id='word_1_88' title='bbox 608 899 711 933; x_wconf 88' lang='lat' dir='ltr'>„non</span> <span class='ocrx_word' id='word_1_89' title='bbox 735 886 1014 931; x_wconf 82' lang='lat' dir='ltr'>inconciliauit,</span> <span class='ocrx_word' id='word_1_90' title='bbox 1049 898 1164 934; x_wconf 86' lang='lat' dir='ltr'>quom</span> <span class='ocrx_word' id='word_1_91' title='bbox 1190 889 1229 922; x_wconf 83' lang='lat' dir='ltr'>te</span> <span class='ocrx_word' id='word_1_92' title='bbox 1254 888 1379 933; x_wconf 85' lang='lat' dir='ltr'>emo“,</span> <span class='ocrx_word' id='word_1_93' title='bbox 1409 887 1514 925; x_wconf 90' lang='lat' dir='ltr'>Trin.</span> <span class='ocrx_word' id='word_1_94' title='bbox 1538 889 1636 925; x_wconf 90' lang='lat'>136:</span> 
     </span>
     <span class='ocr_line' id='line_1_11' title="bbox 148 951 1638 1005; baseline 0.002 -15"><span class='ocrx_word' id='word_1_95' title='bbox 148 954 488 1001; x_wconf 85' lang='lat' dir='ltr'>„inconciliastine</span> <span class='ocrx_word' id='word_1_96' title='bbox 536 967 635 1001; x_wconf 89' lang='lat' dir='ltr'>eum,</span> <span class='ocrx_word' id='word_1_97' title='bbox 683 956 749 1003; x_wconf 91' lang='lat' dir='ltr'>qui</span> <span class='ocrx_word' id='word_1_98' title='bbox 795 953 1026 991; x_wconf 78' lang='lat' dir='ltr'>mandatust</span> <span class='ocrx_word' id='word_1_99' title='bbox 1070 951 1201 990; x_wconf 73' lang='lat' dir='ltr'>tibi‘?“</span> <span class='ocrx_word' id='word_1_100' title='bbox 1251 955 1462 1003; x_wconf 81' lang='lat' dir='ltr'>apparebit</span> <span class='ocrx_word' id='word_1_101' title='bbox 1507 957 1638 1005; x_wconf 86' lang='lat' dir='ltr'>potius</span> 
     </span>
     <span class='ocr_line' id='line_1_12' title="bbox 148 1019 1637 1072; baseline 0.002 -14"><span class='ocrx_word' id='word_1_102' title='bbox 148 1021 377 1070; x_wconf 79' lang='lat' dir='ltr'>„molestias</span> <span class='ocrx_word' id='word_1_103' title='bbox 403 1019 613 1059; x_wconf 82' lang='lat' dir='ltr'>exhibere“</span> <span class='ocrx_word' id='word_1_104' title='bbox 648 1026 715 1059; x_wconf 90' lang='lat' dir='ltr'>aut</span> <span class='ocrx_word' id='word_1_105' title='bbox 747 1022 872 1059; x_wconf 88' lang='lat' dir='ltr'>simile</span> <span class='ocrx_word' id='word_1_106' title='bbox 904 1021 999 1071; x_wconf 89' lang='lat' dir='ltr'>quid</span> <span class='ocrx_word' id='word_1_107' title='bbox 1031 1020 1270 1070; x_wconf 81' lang='lat' dir='ltr'>significare3</span> <span class='ocrx_word' id='word_1_108' title='bbox 1310 1025 1482 1072; x_wconf 86' lang='lat' dir='ltr'>proprie,</span> <span class='ocrx_word' id='word_1_109' title='bbox 1511 1024 1637 1071; x_wconf 88' lang='lat' dir='ltr'>credo,</span> 
     </span>
     <span class='ocr_line' id='line_1_13' title="bbox 148 1088 1370 1140; baseline 0 -13"><span class='ocrx_word' id='word_1_110' title='bbox 148 1092 213 1138; x_wconf 92' lang='lat' dir='ltr'>„in</span> <span class='ocrx_word' id='word_1_111' title='bbox 245 1090 454 1127; x_wconf 88' lang='lat' dir='ltr'>concilium</span> <span class='ocrx_word' id='word_1_112' title='bbox 484 1088 668 1140; x_wconf 71' lang='lat' dir='ltr'>urgere“,</span> <span class='ocrx_word' id='word_1_113' title='bbox 701 1090 742 1126; x_wconf 86' lang='lat' dir='ltr'>id</span> <span class='ocrx_word' id='word_1_114' title='bbox 774 1094 832 1127; x_wconf 88' lang='lat' dir='ltr'>est</span> <span class='ocrx_word' id='word_1_115' title='bbox 864 1094 994 1126; x_wconf 86' lang='lat' dir='ltr'>autem</span> <span class='ocrx_word' id='word_1_116' title='bbox 1030 1091 1094 1138; x_wconf 89' lang='lat' dir='ltr'>„in</span> <span class='ocrx_word' id='word_1_117' title='bbox 1126 1088 1370 1138; x_wconf 77' lang='lat' dir='ltr'>angustias“.</span> 
     </span>
    </p>
   </div>
   <div class='ocr_carea' id='block_1_3' title="bbox 138 1154 1640 2841">
    <p class='ocr_par' dir='ltr' id='par_1_3' title="bbox 138 1154 1640 2841">
     <span class='ocr_line' id='line_1_14' title="bbox 261 1154 1637 1207; baseline 0.002 -12"><span class='ocrx_word' id='word_1_118' title='bbox 261 1159 352 1196; x_wconf 91' lang='lat'>550.</span> <span class='ocrx_word' id='word_1_119' title='bbox 385 1154 447 1195; x_wconf 69' lang='grc' dir='ltr'>Εΐ</span> <span class='ocrx_word' id='word_1_120' title='bbox 476 1158 613 1196; x_wconf 86' lang='lat' dir='ltr'>addidi</span> <span class='ocrx_word' id='word_1_121' title='bbox 645 1172 729 1195; x_wconf 90' lang='lat' dir='ltr'>cum</span> <span class='ocrx_word' id='word_1_122' title='bbox 763 1158 942 1207; x_wconf 85' lang='lat' dir='ltr'>Seyffert.</span> <span class='ocrx_word' id='word_1_123' title='bbox 978 1157 1089 1195; x_wconf 85' lang='lat' dir='ltr'>Stud.</span> <span class='ocrx_word' id='word_1_124' title='bbox 1122 1171 1160 1206; x_wconf 89' lang='lat' dir='ltr'>p.</span> <span class='ocrx_word' id='word_1_125' title='bbox 1198 1159 1260 1205; x_wconf 87' lang='lat'>12,</span> <span class='ocrx_word' id='word_1_126' title='bbox 1294 1159 1380 1196; x_wconf 90' lang='lat' dir='ltr'>coll.</span> <span class='ocrx_word' id='word_1_127' title='bbox 1406 1159 1517 1198; x_wconf 82' lang='lat' dir='ltr'>Cure.</span> <span class='ocrx_word' id='word_1_128' title='bbox 1545 1162 1637 1198; x_wconf 80' lang='lat'>683.</span> 
     </span>
     <span class='ocr_line' id='line_1_15' title="bbox 146 1222 1639 1272; baseline 0.002 -9"><span class='ocrx_word' id='word_1_129' title='bbox 146 1227 239 1264; x_wconf 85' lang='lat'>657.</span> <span class='ocrx_word' id='word_1_130' title='bbox 266 1227 358 1264; x_wconf 94' lang='lat'>673.</span> <span class='ocrx_word' id='word_1_131' title='bbox 377 1227 447 1272; x_wconf 84' lang='lat' dir='ltr'>al.;</span> <span class='ocrx_word' id='word_1_132' title='bbox 479 1227 672 1263; x_wconf 73' lang='lat' dir='ltr'>Mullerus</span> <span class='ocrx_word' id='word_1_133' title='bbox 705 1236 794 1264; x_wconf 74' lang='lat' dir='ltr'>eum</span> <span class='ocrx_word' id='word_1_134' title='bbox 826 1226 1043 1263; x_wconf 79' lang='lat' dir='ltr'>addiderat.</span> <span class='ocrx_word' id='word_1_135' title='bbox 1069 1246 1125 1251; x_wconf 91' lang='lat'><strong>—</strong></span> <span class='ocrx_word' id='word_1_136' title='bbox 1151 1227 1243 1263; x_wconf 86' lang='grc'><strong>551.</strong></span> <span class='ocrx_word' id='word_1_137' title='bbox 1281 1222 1457 1265; x_wconf 74' lang='lat' dir='ltr'>Obsecro</span> <span class='ocrx_word' id='word_1_138' title='bbox 1489 1228 1639 1267; x_wconf 85' lang='lat' dir='ltr'>Camer.</span> 
     </span>
     <span class='ocr_line' id='line_1_16' title="bbox 145 1291 1638 1344; baseline 0.001 -12"><span class='ocrx_word' id='word_1_139' title='bbox 145 1307 216 1331; x_wconf 85' lang='lat' dir='ltr'>em.</span> <span class='ocrx_word' id='word_1_140' title='bbox 249 1313 305 1319; x_wconf 88' lang='lat'>·—</span> <span class='ocrx_word' id='word_1_141' title='bbox 345 1291 529 1344; x_wconf 68' lang='lat' dir='ltr'>eloquere</span> <span class='ocrx_word' id='word_1_142' title='bbox 560 1294 618 1331; x_wconf 84' lang='lat' dir='ltr'>Fl.</span> <span class='ocrx_word' id='word_1_143' title='bbox 650 1295 842 1344; x_wconf 86' lang='lat' dir='ltr'>probante</span> <span class='ocrx_word' id='word_1_144' title='bbox 873 1294 1064 1341; x_wconf 72' lang='lat' dir='ltr'>Mullero,</span> <span class='ocrx_word' id='word_1_145' title='bbox 1113 1294 1274 1332; x_wconf 82' lang='lat' dir='ltr'>Nachtr.</span> <span class='ocrx_word' id='word_1_146' title='bbox 1308 1308 1345 1344; x_wconf 90' lang='lat' dir='ltr'>p.</span> <span class='ocrx_word' id='word_1_147' title='bbox 1381 1297 1416 1333; x_wconf 88' lang='lat'>3.</span> <span class='ocrx_word' id='word_1_148' title='bbox 1451 1316 1506 1320; x_wconf 95' lang='lat'>—-</span> <span class='ocrx_word' id='word_1_149' title='bbox 1547 1298 1638 1334; x_wconf 90' lang='lat'>552.</span> 
     </span>
     <span class='ocr_line' id='line_1_17' title="bbox 145 1362 1640 1413; baseline 0.001 -13"><span class='ocrx_word' id='word_1_150' title='bbox 145 1362 275 1400; x_wconf 76' lang='lat' dir='ltr'>tecum</span> <span class='ocrx_word' id='word_1_151' title='bbox 315 1373 493 1409; x_wconf 76' lang='lat' dir='ltr'>orarem,</span> <span class='ocrx_word' id='word_1_152' title='bbox 534 1376 569 1401; x_wconf 81' lang='lat' dir='ltr'>V.</span> <span class='ocrx_word' id='word_1_153' title='bbox 603 1363 698 1400; x_wconf 81' lang='lat'>492.</span> <span class='ocrx_word' id='word_1_154' title='bbox 774 1364 852 1400; x_wconf 77' lang='lat' dir='ltr'>Aut</span> <span class='ocrx_word' id='word_1_155' title='bbox 885 1366 976 1413; x_wconf 79' lang='lat' dir='ltr'>post</span> <span class='ocrx_word' id='word_1_156' title='bbox 1006 1363 1043 1400; x_wconf 89' lang='lat' dir='ltr'>h.</span> <span class='ocrx_word' id='word_1_157' title='bbox 1079 1376 1114 1400; x_wconf 88' lang='lat' dir='ltr'>v.</span> <span class='ocrx_word' id='word_1_158' title='bbox 1150 1362 1281 1400; x_wconf 80' lang='lat' dir='ltr'>hiatus</span> <span class='ocrx_word' id='word_1_159' title='bbox 1321 1367 1381 1400; x_wconf 79' lang='lat' dir='ltr'>est</span> <span class='ocrx_word' id='word_1_160' title='bbox 1412 1366 1452 1401; x_wconf 82' lang='lat' dir='ltr'>in</span> <span class='ocrx_word' id='word_1_161' title='bbox 1484 1364 1640 1402; x_wconf 82' lang='lat' dir='ltr'>diaeresi</span> 
     </span>
     <span class='ocr_line' id='line_1_18' title="bbox 144 1428 1638 1481; baseline 0.002 -14"><span class='ocrx_word' id='word_1_162' title='bbox 144 1433 212 1468; x_wconf 83' lang='lat' dir='ltr'>aut</span> <span class='ocrx_word' id='word_1_163' title='bbox 243 1428 280 1468; x_wconf 74' lang='lat' dir='ltr'>ei</span> <span class='ocrx_word' id='word_1_164' title='bbox 310 1430 526 1480; x_wconf 88' lang='lat' dir='ltr'>spondeum</span> <span class='ocrx_word' id='word_1_165' title='bbox 554 1431 660 1477; x_wconf 84' lang='lat' dir='ltr'>facit,</span> <span class='ocrx_word' id='word_1_166' title='bbox 694 1434 738 1468; x_wconf 89' lang='lat' dir='ltr'>ut</span> <span class='ocrx_word' id='word_1_167' title='bbox 764 1433 855 1469; x_wconf 86' lang='lat'>523.</span> <span class='ocrx_word' id='word_1_168' title='bbox 902 1430 1094 1468; x_wconf 85' lang='lat' dir='ltr'>Fleckeis.</span> <span class='ocrx_word' id='word_1_169' title='bbox 1123 1431 1204 1468; x_wconf 89' lang='lat' dir='ltr'>ed.:</span> <span class='ocrx_word' id='word_1_170' title='bbox 1244 1435 1311 1478; x_wconf 88' lang='lat' dir='ltr'>„ut</span> <span class='ocrx_word' id='word_1_171' title='bbox 1335 1431 1438 1480; x_wconf 87' lang='lat' dir='ltr'>quod</span> <span class='ocrx_word' id='word_1_172' title='bbox 1462 1436 1638 1481; x_wconf 88' lang='lat' dir='ltr'>potesses</span> 
     </span>
     <span class='ocr_line' id='line_1_19' title="bbox 144 1496 1637 1548; baseline 0.001 -12"><span class='ocrx_word' id='word_1_173' title='bbox 144 1501 180 1536; x_wconf 85' lang='lat' dir='ltr'>ei</span> <span class='ocrx_word' id='word_1_174' title='bbox 211 1497 328 1536; x_wconf 86' lang='lat' dir='ltr'>mali“</span> <span class='ocrx_word' id='word_1_175' title='bbox 362 1519 419 1524; x_wconf 87' lang='lat'>—-</span> <span class='ocrx_word' id='word_1_176' title='bbox 452 1500 543 1537; x_wconf 88' lang='lat'>556.</span> <span class='ocrx_word' id='word_1_177' title='bbox 584 1498 623 1536; x_wconf 82' lang='lat' dir='ltr'>Si</span> <span class='ocrx_word' id='word_1_178' title='bbox 654 1513 791 1542; x_wconf 86' lang='lat' dir='ltr'>versus</span> <span class='ocrx_word' id='word_1_179' title='bbox 821 1513 936 1536; x_wconf 84' lang='lat' dir='ltr'>sanus</span> <span class='ocrx_word' id='word_1_180' title='bbox 969 1504 1046 1546; x_wconf 90' lang='lat' dir='ltr'>est,</span> <span class='ocrx_word' id='word_1_181' title='bbox 1090 1503 1181 1536; x_wconf 88' lang='lat' dir='ltr'>ante</span> <span class='ocrx_word' id='word_1_182' title='bbox 1213 1496 1393 1537; x_wconf 60' lang='lat' dir='ltr'>lamminis</span> <span class='ocrx_word' id='word_1_183' title='bbox 1424 1500 1567 1548; x_wconf 84' lang='lat' dir='ltr'>hiatur,</span> <span class='ocrx_word' id='word_1_184' title='bbox 1601 1514 1637 1539; x_wconf 84' lang='lat' dir='ltr'>v,</span> 
     </span>
     <span class='ocr_line' id='line_1_20' title="bbox 142 1565 1635 1618; baseline 0.002 -15"><span class='ocrx_word' id='word_1_185' title='bbox 142 1566 298 1614; x_wconf 88' lang='lat' dir='ltr'>Proleg.</span> <span class='ocrx_word' id='word_1_186' title='bbox 330 1581 369 1617; x_wconf 89' lang='lat' dir='ltr'>p.</span> <span class='ocrx_word' id='word_1_187' title='bbox 404 1569 497 1604; x_wconf 87' lang='lat'>221.</span> <span class='ocrx_word' id='word_1_188' title='bbox 545 1567 676 1604; x_wconf 88' lang='lat' dir='ltr'>Herm.</span> <span class='ocrx_word' id='word_1_189' title='bbox 714 1581 828 1613; x_wconf 79' lang='lat' dir='ltr'>„nam</span> <span class='ocrx_word' id='word_1_190' title='bbox 861 1565 1070 1616; x_wconf 78' lang='lat' dir='ltr'>nequam“,</span> <span class='ocrx_word' id='word_1_191' title='bbox 1104 1568 1149 1604; x_wconf 84' lang='lat' dir='ltr'>R.</span> <span class='ocrx_word' id='word_1_192' title='bbox 1188 1568 1278 1617; x_wconf 87' lang='lat' dir='ltr'>„pol</span> <span class='ocrx_word' id='word_1_193' title='bbox 1311 1566 1421 1617; x_wconf 74' lang='lat' dir='ltr'>ego“,</span> <span class='ocrx_word' id='word_1_194' title='bbox 1455 1568 1635 1618; x_wconf 83' lang='lat' dir='ltr'>Spengel.</span> 
     </span>
     <span class='ocr_line' id='line_1_21' title="bbox 139 1632 1636 1686; baseline 0.002 -14"><span class='ocrx_word' id='word_1_195' title='bbox 139 1647 178 1684; x_wconf 93' lang='lat' dir='ltr'>p.</span> <span class='ocrx_word' id='word_1_196' title='bbox 207 1636 307 1673; x_wconf 87' lang='lat'>330:</span> <span class='ocrx_word' id='word_1_197' title='bbox 345 1632 596 1685; x_wconf 76' lang='lat' dir='ltr'>„perparui“.</span> <span class='ocrx_word' id='word_1_198' title='bbox 622 1655 678 1660; x_wconf 92' lang='lat'>-—</span> <span class='ocrx_word' id='word_1_199' title='bbox 705 1637 796 1673; x_wconf 88' lang='lat'>557.</span> <span class='ocrx_word' id='word_1_200' title='bbox 821 1635 998 1683; x_wconf 69' lang='lat' dir='ltr'>potesse,</span> <span class='ocrx_word' id='word_1_201' title='bbox 1032 1635 1116 1672; x_wconf 87' lang='lat' dir='ltr'>fieri</span> <span class='ocrx_word' id='word_1_202' title='bbox 1148 1649 1271 1684; x_wconf 80' lang='lat' dir='ltr'>posse,</span> <span class='ocrx_word' id='word_1_203' title='bbox 1304 1650 1340 1673; x_wconf 83' lang='lat' dir='ltr'>v.</span> <span class='ocrx_word' id='word_1_204' title='bbox 1372 1637 1514 1686; x_wconf 88' lang='lat' dir='ltr'>Amph.</span> <span class='ocrx_word' id='word_1_205' title='bbox 1544 1638 1636 1675; x_wconf 88' lang='lat'>169.</span> 
     </span>
     <span class='ocr_line' id='line_1_22' title="bbox 139 1700 1635 1754; baseline 0.001 -14"><span class='ocrx_word' id='word_1_206' title='bbox 139 1723 196 1728; x_wconf 94' lang='lat'>—</span> <span class='ocrx_word' id='word_1_207' title='bbox 229 1704 321 1741; x_wconf 90' lang='lat'>559.</span> <span class='ocrx_word' id='word_1_208' title='bbox 360 1700 469 1752; x_wconf 75' lang='lat' dir='ltr'>Quid</span> <span class='ocrx_word' id='word_1_209' title='bbox 499 1704 554 1741; x_wconf 76' lang='lat'>822‘</span> <span class='ocrx_word' id='word_1_210' title='bbox 584 1705 724 1752; x_wconf 75' lang='lat' dir='ltr'>scripsi</span> <span class='ocrx_word' id='word_1_211' title='bbox 756 1717 842 1740; x_wconf 91' lang='lat' dir='ltr'>cum</span> <span class='ocrx_word' id='word_1_212' title='bbox 874 1704 918 1740; x_wconf 84' lang='lat' dir='ltr'>E.</span> <span class='ocrx_word' id='word_1_213' title='bbox 952 1703 1140 1750; x_wconf 87' lang='lat' dir='ltr'>Beckero,</span> <span class='ocrx_word' id='word_1_214' title='bbox 1176 1704 1352 1741; x_wconf 73' lang='lat' dir='ltr'>Studem.</span> <span class='ocrx_word' id='word_1_215' title='bbox 1386 1704 1497 1742; x_wconf 86' lang='lat' dir='ltr'>Stud.</span> <span class='ocrx_word' id='word_1_216' title='bbox 1531 1705 1564 1752; x_wconf 91' lang='lat' dir='ltr'>I,</span> <span class='ocrx_word' id='word_1_217' title='bbox 1597 1719 1635 1754; x_wconf 89' lang='lat' dir='ltr'>p.</span> 
     </span>
     <span class='ocr_line' id='line_1_23' title="bbox 142 1770 1640 1822; baseline 0.002 -14"><span class='ocrx_word' id='word_1_218' title='bbox 142 1773 235 1818; x_wconf 93' lang='lat'>200,</span> <span class='ocrx_word' id='word_1_219' title='bbox 268 1775 313 1808; x_wconf 90' lang='lat' dir='ltr'>ut</span> <span class='ocrx_word' id='word_1_220' title='bbox 341 1771 484 1821; x_wconf 90' lang='lat' dir='ltr'>Amph.</span> <span class='ocrx_word' id='word_1_221' title='bbox 521 1773 641 1809; x_wconf 79' lang='lat'>1018.</span> <span class='ocrx_word' id='word_1_222' title='bbox 678 1773 797 1809; x_wconf 88' lang='lat'>1022.</span> <span class='ocrx_word' id='word_1_223' title='bbox 853 1772 939 1808; x_wconf 83' lang='lat' dir='ltr'>Aul.</span> <span class='ocrx_word' id='word_1_224' title='bbox 974 1773 1068 1809; x_wconf 78' lang='lat'>288.</span> <span class='ocrx_word' id='word_1_225' title='bbox 1105 1774 1197 1810; x_wconf 84' lang='lat'>543.</span> <span class='ocrx_word' id='word_1_226' title='bbox 1232 1774 1280 1810; x_wconf 91' lang='lat' dir='ltr'>al.</span> <span class='ocrx_word' id='word_1_227' title='bbox 1313 1793 1369 1797; x_wconf 86' lang='lat'>——</span> <span class='ocrx_word' id='word_1_228' title='bbox 1402 1775 1494 1810; x_wconf 85' lang='lat'>561.</span> <span class='ocrx_word' id='word_1_229' title='bbox 1532 1770 1640 1822; x_wconf 71' lang='lat' dir='ltr'>Quid</span> 
     </span>
     <span class='ocr_line' id='line_1_24' title="bbox 139 1839 1635 1891; baseline 0.002 -15"><span class='ocrx_word' id='word_1_230' title='bbox 139 1839 329 1889; x_wconf 84' lang='lat' dir='ltr'>Angelius</span> <span class='ocrx_word' id='word_1_231' title='bbox 357 1839 593 1886; x_wconf 80' lang='lat' dir='ltr'>emendavit,</span> <span class='ocrx_word' id='word_1_232' title='bbox 630 1840 741 1889; x_wconf 86' lang='lat' dir='ltr'>prob.</span> <span class='ocrx_word' id='word_1_233' title='bbox 768 1840 947 1888; x_wconf 82' lang='lat' dir='ltr'>Seyffert.</span> <span class='ocrx_word' id='word_1_234' title='bbox 966 1840 1108 1877; x_wconf 90' lang='lat' dir='ltr'>Philol.</span> <span class='ocrx_word' id='word_1_235' title='bbox 1127 1841 1260 1878; x_wconf 85' lang='lat' dir='ltr'>XXIX</span> <span class='ocrx_word' id='word_1_236' title='bbox 1285 1855 1324 1891; x_wconf 92' lang='lat' dir='ltr'>p.</span> <span class='ocrx_word' id='word_1_237' title='bbox 1346 1842 1437 1878; x_wconf 88' lang='lat'>392.</span> <span class='ocrx_word' id='word_1_238' title='bbox 1486 1841 1635 1880; x_wconf 88' lang='lat' dir='ltr'>Ritsch.</span> 
     </span>
     <span class='ocr_line' id='line_1_25' title="bbox 140 1907 1637 1958; baseline 0.002 -14"><span class='ocrx_word' id='word_1_239' title='bbox 140 1907 340 1956; x_wconf 83' lang='lat' dir='ltr'>dactylum</span> <span class='ocrx_word' id='word_1_240' title='bbox 365 1910 404 1944; x_wconf 92' lang='lat' dir='ltr'>et</span> <span class='ocrx_word' id='word_1_241' title='bbox 429 1910 470 1944; x_wconf 93' lang='lat' dir='ltr'>in</span> <span class='ocrx_word' id='word_1_242' title='bbox 497 1912 638 1956; x_wconf 82' lang='lat' dir='ltr'>quarto</span> <span class='ocrx_word' id='word_1_243' title='bbox 665 1912 704 1944; x_wconf 85' lang='lat' dir='ltr'>et</span> <span class='ocrx_word' id='word_1_244' title='bbox 727 1909 767 1945; x_wconf 90' lang='lat' dir='ltr'>in</span> <span class='ocrx_word' id='word_1_245' title='bbox 791 1911 909 1945; x_wconf 87' lang='lat' dir='ltr'>tertio</span> <span class='ocrx_word' id='word_1_246' title='bbox 934 1909 1034 1957; x_wconf 88' lang='lat' dir='ltr'>pede</span> <span class='ocrx_word' id='word_1_247' title='bbox 1059 1923 1137 1946; x_wconf 90' lang='lat' dir='ltr'>non</span> <span class='ocrx_word' id='word_1_248' title='bbox 1164 1909 1292 1946; x_wconf 82' lang='lat' dir='ltr'>ferens</span> <span class='ocrx_word' id='word_1_249' title='bbox 1324 1913 1501 1958; x_wconf 81' lang='lat' dir='ltr'>transp.:</span> <span class='ocrx_word' id='word_1_250' title='bbox 1539 1910 1637 1957; x_wconf 79' lang='lat' dir='ltr'>„tibi</span> 
     </span>
     <span class='ocr_line' id='line_1_26' title="bbox 139 1974 1635 2015; baseline 0.002 -3"><span class='ocrx_word' id='word_1_251' title='bbox 139 1988 219 2013; x_wconf 88' lang='lat' dir='ltr'>non</span> <span class='ocrx_word' id='word_1_252' title='bbox 251 1975 503 2012; x_wconf 86' lang='lat' dir='ltr'>meretricum</span> <span class='ocrx_word' id='word_1_253' title='bbox 543 1977 708 2013; x_wconf 87' lang='lat' dir='ltr'>aliarum</span> <span class='ocrx_word' id='word_1_254' title='bbox 749 1974 857 2013; x_wconf 73' lang='lat' dir='ltr'>erat“</span> <span class='ocrx_word' id='word_1_255' title='bbox 901 1990 987 2013; x_wconf 86' lang='lat' dir='ltr'>cum</span> <span class='ocrx_word' id='word_1_256' title='bbox 1025 1977 1136 2013; x_wconf 80' lang='lat' dir='ltr'>hiatu</span> <span class='ocrx_word' id='word_1_257' title='bbox 1176 1978 1215 2013; x_wconf 93' lang='lat' dir='ltr'>in</span> <span class='ocrx_word' id='word_1_258' title='bbox 1255 1977 1421 2014; x_wconf 82' lang='lat' dir='ltr'>diaeresi.</span> <span class='ocrx_word' id='word_1_259' title='bbox 1454 1997 1508 2002; x_wconf 86' lang='lat'>—</span> <span class='ocrx_word' id='word_1_260' title='bbox 1543 1979 1635 2015; x_wconf 90' lang='lat'>563.</span> 
     </span>
     <span class='ocr_line' id='line_1_27' title="bbox 138 2042 1636 2094; baseline 0.002 -15"><span class='ocrx_word' id='word_1_261' title='bbox 138 2042 399 2080; x_wconf 83' lang='lat' dir='ltr'>Numerorum</span> <span class='ocrx_word' id='word_1_262' title='bbox 430 2043 599 2081; x_wconf 89' lang='lat' dir='ltr'>defectui</span> <span class='ocrx_word' id='word_1_263' title='bbox 623 2044 871 2081; x_wconf 85' lang='lat' dir='ltr'>consulentes</span> <span class='ocrx_word' id='word_1_264' title='bbox 896 2045 1027 2082; x_wconf 78' lang='lat' dir='ltr'>Herm.</span> <span class='ocrx_word' id='word_1_265' title='bbox 1058 2048 1096 2081; x_wconf 89' lang='lat' dir='ltr'>et</span> <span class='ocrx_word' id='word_1_266' title='bbox 1126 2044 1276 2082; x_wconf 74' lang='lat' dir='ltr'>Ritsch.</span> <span class='ocrx_word' id='word_1_267' title='bbox 1310 2042 1441 2094; x_wconf 76' lang='lat' dir='ltr'>„ipse“</span> <span class='ocrx_word' id='word_1_268' title='bbox 1477 2045 1636 2083; x_wconf 87' lang='lat' dir='ltr'>addide—</span> 
     </span>
     <span class='ocr_line' id='line_1_28' title="bbox 138 2110 1638 2161; baseline 0.001 -13"><span class='ocrx_word' id='word_1_269' title='bbox 138 2115 252 2158; x_wconf 82' lang='lat' dir='ltr'>runt,</span> <span class='ocrx_word' id='word_1_270' title='bbox 301 2111 407 2160; x_wconf 90' lang='lat' dir='ltr'>quod</span> <span class='ocrx_word' id='word_1_271' title='bbox 437 2115 530 2161; x_wconf 86' lang='lat' dir='ltr'>post</span> <span class='ocrx_word' id='word_1_272' title='bbox 565 2110 701 2159; x_wconf 81' lang='lat' dir='ltr'>„tute“</span> <span class='ocrx_word' id='word_1_273' title='bbox 737 2112 930 2159; x_wconf 71' lang='lat' dir='ltr'>abundat,</span> <span class='ocrx_word' id='word_1_274' title='bbox 978 2112 1046 2149; x_wconf 84' lang='lat' dir='ltr'>sed</span> <span class='ocrx_word' id='word_1_275' title='bbox 1086 2114 1201 2150; x_wconf 89' lang='lat' dir='ltr'>etiam</span> <span class='ocrx_word' id='word_1_276' title='bbox 1245 2115 1464 2150; x_wconf 84' lang='lat' dir='ltr'>orationem</span> <span class='ocrx_word' id='word_1_277' title='bbox 1496 2115 1638 2151; x_wconf 85' lang='lat' dir='ltr'>misere</span> 
     </span>
     <span class='ocr_line' id='line_1_29' title="bbox 138 2176 1634 2231; baseline 0.002 -15"><span class='ocrx_word' id='word_1_278' title='bbox 138 2179 249 2216; x_wconf 84' lang='lat' dir='ltr'>hiare</span> <span class='ocrx_word' id='word_1_279' title='bbox 282 2182 458 2228; x_wconf 87' lang='lat' dir='ltr'>apparet.</span> <span class='ocrx_word' id='word_1_280' title='bbox 533 2180 729 2229; x_wconf 86' lang='lat' dir='ltr'>Equidem</span> <span class='ocrx_word' id='word_1_281' title='bbox 760 2181 895 2218; x_wconf 87' lang='lat' dir='ltr'>addidi</span> <span class='ocrx_word' id='word_1_282' title='bbox 925 2176 1035 2218; x_wconf 75' lang='lat' dir='ltr'>Eam</span> <span class='ocrx_word' id='word_1_283' title='bbox 1066 2181 1130 2228; x_wconf 69' lang='grc' dir='ltr'>αΐς</span> <span class='ocrx_word' id='word_1_284' title='bbox 1176 2181 1356 2228; x_wconf 70' lang='grc' dir='ltr'><strong>Μὶὶ]16Υ.,</strong></span> <span class='ocrx_word' id='word_1_285' title='bbox 1404 2181 1564 2219; x_wconf 85' lang='lat' dir='ltr'>Nachtr.</span> <span class='ocrx_word' id='word_1_286' title='bbox 1596 2196 1634 2231; x_wconf 90' lang='lat' dir='ltr'>p.</span> 
     </span>
     <span class='ocr_line' id='line_1_30' title="bbox 144 2246 1635 2295; baseline 0.002 -11"><span class='ocrx_word' id='word_1_287' title='bbox 144 2248 235 2294; x_wconf 89' lang='lat'>123,</span> <span class='ocrx_word' id='word_1_288' title='bbox 269 2247 309 2284; x_wconf 87' lang='lat' dir='ltr'>in</span> <span class='ocrx_word' id='word_1_289' title='bbox 340 2248 505 2284; x_wconf 88' lang='lat' dir='ltr'>eandem</span> <span class='ocrx_word' id='word_1_290' title='bbox 540 2250 774 2285; x_wconf 87' lang='lat' dir='ltr'>sententiam</span> <span class='ocrx_word' id='word_1_291' title='bbox 810 2246 978 2295; x_wconf 78' lang='lat' dir='ltr'>„Quin“.</span> <span class='ocrx_word' id='word_1_292' title='bbox 1010 2269 1066 2273; x_wconf 90' lang='lat'>—-</span> <span class='ocrx_word' id='word_1_293' title='bbox 1095 2246 1155 2286; x_wconf 61' lang='lat' dir='ltr'>‘mv&#39;</span> <span class='ocrx_word' id='word_1_294' title='bbox 1184 2249 1321 2287; x_wconf 89' lang='lat' dir='ltr'>Lamb.</span> <span class='ocrx_word' id='word_1_295' title='bbox 1355 2263 1427 2286; x_wconf 89' lang='lat' dir='ltr'>em.</span> <span class='ocrx_word' id='word_1_296' title='bbox 1461 2250 1508 2286; x_wconf 89' lang='lat' dir='ltr'>cf.</span> <span class='ocrx_word' id='word_1_297' title='bbox 1543 2251 1635 2287; x_wconf 77' lang='lat'>681.</span> 
     </span>
     <span class='ocr_line' id='line_1_31' title="bbox 138 2312 1635 2365; baseline 0.001 -13"><span class='ocrx_word' id='word_1_298' title='bbox 138 2334 196 2340; x_wconf 87' lang='lat'>—</span> <span class='ocrx_word' id='word_1_299' title='bbox 228 2316 321 2353; x_wconf 87' lang='lat'>565.</span> <span class='ocrx_word' id='word_1_300' title='bbox 345 2312 569 2364; x_wconf 67' lang='lat' dir='ltr'>prolectas,</span> <span class='ocrx_word' id='word_1_301' title='bbox 601 2330 807 2365; x_wconf 78' lang='lat' dir='ltr'>provocas.</span> <span class='ocrx_word' id='word_1_302' title='bbox 843 2337 897 2342; x_wconf 89' lang='lat'>-—-</span> <span class='ocrx_word' id='word_1_303' title='bbox 931 2317 1021 2355; x_wconf 90' lang='lat'>566.</span> <span class='ocrx_word' id='word_1_304' title='bbox 1055 2316 1222 2354; x_wconf 83' lang='lat' dir='ltr'>Pravam</span> <span class='ocrx_word' id='word_1_305' title='bbox 1254 2318 1442 2355; x_wconf 87' lang='lat' dir='ltr'>orationis</span> <span class='ocrx_word' id='word_1_306' title='bbox 1475 2317 1635 2354; x_wconf 86' lang='lat' dir='ltr'>distinc-</span> 
     </span>
     <span class='ocr_line' id='line_1_32' title="bbox 139 2382 1634 2432; baseline 0.002 -13"><span class='ocrx_word' id='word_1_307' title='bbox 139 2385 288 2421; x_wconf 84' lang='lat' dir='ltr'>tionem</span> <span class='ocrx_word' id='word_1_308' title='bbox 313 2397 385 2421; x_wconf 88' lang='lat' dir='ltr'>em.</span> <span class='ocrx_word' id='word_1_309' title='bbox 405 2383 590 2432; x_wconf 83' lang='lat' dir='ltr'>Scaliger,</span> <span class='ocrx_word' id='word_1_310' title='bbox 623 2385 678 2421; x_wconf 90' lang='lat' dir='ltr'>sic</span> <span class='ocrx_word' id='word_1_311' title='bbox 704 2385 896 2422; x_wconf 86' lang='lat' dir='ltr'>scribens:</span> <span class='ocrx_word' id='word_1_312' title='bbox 946 2385 1060 2429; x_wconf 77' lang='lat' dir='ltr'>‚‚MN.</span> <span class='ocrx_word' id='word_1_313' title='bbox 1093 2382 1224 2431; x_wconf 74' lang='lat' dir='ltr'>Quid?</span> <span class='ocrx_word' id='word_1_314' title='bbox 1257 2399 1365 2422; x_wconf 87' lang='lat' dir='ltr'>amas</span> <span class='ocrx_word' id='word_1_315' title='bbox 1390 2385 1634 2422; x_wconf 70' lang='lat' dir='ltr'>Bacchidem.</span> 
     </span>
     <span class='ocr_line' id='line_1_33' title="bbox 139 2448 1636 2500; baseline 0 -12"><span class='ocrx_word' id='word_1_316' title='bbox 139 2450 202 2488; x_wconf 86' lang='grc' dir='ltr'><strong>ΡΙ.</strong></span> <span class='ocrx_word' id='word_1_317' title='bbox 234 2450 340 2488; x_wconf 86' lang='lat' dir='ltr'>Duas</span> <span class='ocrx_word' id='word_1_318' title='bbox 371 2448 473 2490; x_wconf 85' lang='lat' dir='ltr'>eto.“</span> <span class='ocrx_word' id='word_1_319' title='bbox 536 2452 679 2489; x_wconf 90' lang='lat' dir='ltr'>Verum</span> <span class='ocrx_word' id='word_1_320' title='bbox 719 2453 926 2490; x_wconf 87' lang='lat' dir='ltr'>dicendum</span> <span class='ocrx_word' id='word_1_321' title='bbox 965 2457 1068 2490; x_wconf 83' lang='lat' dir='ltr'>erat:</span> <span class='ocrx_word' id='word_1_322' title='bbox 1121 2452 1274 2500; x_wconf 69' lang='lat' dir='ltr'>„QuidP</span> <span class='ocrx_word' id='word_1_323' title='bbox 1315 2467 1444 2490; x_wconf 90' lang='lat' dir='ltr'>nonne</span> <span class='ocrx_word' id='word_1_324' title='bbox 1476 2453 1636 2489; x_wconf 84' lang='lat' dir='ltr'>Bacchi-</span> 
     </span>
     <span class='ocr_line' id='line_1_34' title="bbox 141 2518 1635 2570; baseline 0.001 -15"><span class='ocrx_word' id='word_1_325' title='bbox 141 2518 230 2556; x_wconf 85' lang='lat' dir='ltr'>dem</span> <span class='ocrx_word' id='word_1_326' title='bbox 262 2518 423 2556; x_wconf 79' lang='lat' dir='ltr'>amas?“</span> <span class='ocrx_word' id='word_1_327' title='bbox 460 2519 654 2569; x_wconf 58' lang='lat' dir='ltr'>Seyffert„</span> <span class='ocrx_word' id='word_1_328' title='bbox 688 2520 828 2559; x_wconf 89' lang='lat' dir='ltr'>Philol.</span> <span class='ocrx_word' id='word_1_329' title='bbox 854 2521 999 2567; x_wconf 86' lang='lat' dir='ltr'>XXIX,</span> <span class='ocrx_word' id='word_1_330' title='bbox 1032 2534 1070 2570; x_wconf 92' lang='lat' dir='ltr'>p.</span> <span class='ocrx_word' id='word_1_331' title='bbox 1107 2523 1208 2559; x_wconf 82' lang='lat'>392:</span> <span class='ocrx_word' id='word_1_332' title='bbox 1246 2520 1373 2568; x_wconf 80' lang='lat' dir='ltr'>„Quin</span> <span class='ocrx_word' id='word_1_333' title='bbox 1406 2533 1510 2556; x_wconf 89' lang='lat' dir='ltr'>amas</span> <span class='ocrx_word' id='word_1_334' title='bbox 1540 2520 1635 2557; x_wconf 89' lang='lat' dir='ltr'>Bac-</span> 
     </span>
     <span class='ocr_line' id='line_1_35' title="bbox 140 2585 1636 2638; baseline 0 -14"><span class='ocrx_word' id='word_1_335' title='bbox 140 2585 335 2635; x_wconf 87' lang='lat' dir='ltr'>chidem“,</span> <span class='ocrx_word' id='word_1_336' title='bbox 355 2588 443 2626; x_wconf 82' lang='lat' dir='ltr'>coll.</span> <span class='ocrx_word' id='word_1_337' title='bbox 461 2588 605 2638; x_wconf 91' lang='lat' dir='ltr'>Amph.</span> <span class='ocrx_word' id='word_1_338' title='bbox 628 2589 725 2635; x_wconf 80' lang='lat'>3553</span> <span class='ocrx_word' id='word_1_339' title='bbox 754 2589 937 2638; x_wconf 89' lang='lat' dir='ltr'>equidem</span> <span class='ocrx_word' id='word_1_340' title='bbox 958 2585 1117 2637; x_wconf 72' lang='lat' dir='ltr'>„Qm&#39;a“</span> <span class='ocrx_word' id='word_1_341' title='bbox 1146 2589 1296 2637; x_wconf 87' lang='lat' dir='ltr'>scripsi,</span> <span class='ocrx_word' id='word_1_342' title='bbox 1322 2591 1366 2624; x_wconf 89' lang='lat' dir='ltr'>ut</span> <span class='ocrx_word' id='word_1_343' title='bbox 1383 2589 1636 2624; x_wconf 88' lang='lat' dir='ltr'>continuetur</span> 
     </span>
     <span class='ocr_line' id='line_1_36' title="bbox 141 2653 1633 2707; baseline 0.001 -15"><span class='ocrx_word' id='word_1_344' title='bbox 141 2656 340 2693; x_wconf 85' lang='lat' dir='ltr'>sententia</span> <span class='ocrx_word' id='word_1_345' title='bbox 366 2656 608 2704; x_wconf 88' lang='lat' dir='ltr'>„Perdidisti</span> <span class='ocrx_word' id='word_1_346' title='bbox 639 2653 738 2694; x_wconf 81' lang='lat' dir='ltr'>me“.</span> <span class='ocrx_word' id='word_1_347' title='bbox 767 2676 814 2681; x_wconf 91' lang='lat'>—</span> <span class='ocrx_word' id='word_1_348' title='bbox 851 2667 957 2707; x_wconf 62' lang='lat' dir='ltr'>erqo,</span> <span class='ocrx_word' id='word_1_349' title='bbox 990 2656 1069 2694; x_wconf 88' lang='lat' dir='ltr'>vid.</span> <span class='ocrx_word' id='word_1_350' title='bbox 1095 2656 1144 2693; x_wconf 85' lang='lat' dir='ltr'>ad</span> <span class='ocrx_word' id='word_1_351' title='bbox 1162 2655 1303 2704; x_wconf 89' lang='lat' dir='ltr'>Amph.</span> <span class='ocrx_word' id='word_1_352' title='bbox 1335 2657 1426 2692; x_wconf 84' lang='lat'>172.</span> <span class='ocrx_word' id='word_1_353' title='bbox 1452 2674 1508 2679; x_wconf 83' lang='lat'>—</span> <span class='ocrx_word' id='word_1_354' title='bbox 1541 2656 1633 2693; x_wconf 89' lang='lat'>567.</span> 
     </span>
     <span class='ocr_line' id='line_1_37' title="bbox 142 2719 1632 2774; baseline -0.001 -14"><span class='ocrx_word' id='word_1_355' title='bbox 142 2721 247 2761; x_wconf 76' lang='lat' dir='ltr'>duas</span> <span class='ocrx_word' id='word_1_356' title='bbox 271 2723 452 2772; x_wconf 82' lang='lat' dir='ltr'>Seyffert.</span> <span class='ocrx_word' id='word_1_357' title='bbox 478 2729 517 2761; x_wconf 88' lang='lat' dir='ltr'>et</span> <span class='ocrx_word' id='word_1_358' title='bbox 542 2724 697 2763; x_wconf 75' lang='lat' dir='ltr'>Muller.</span> <span class='ocrx_word' id='word_1_359' title='bbox 723 2725 852 2763; x_wconf 89' lang='lat' dir='ltr'>Plaut.</span> <span class='ocrx_word' id='word_1_360' title='bbox 878 2725 988 2763; x_wconf 65' lang='lat' dir='ltr'>Pros</span> <span class='ocrx_word' id='word_1_361' title='bbox 1009 2739 1047 2774; x_wconf 91' lang='lat' dir='ltr'>p.</span> <span class='ocrx_word' id='word_1_362' title='bbox 1070 2725 1161 2761; x_wconf 83' lang='lat'>176.</span> <span class='ocrx_word' id='word_1_363' title='bbox 1186 2743 1243 2748; x_wconf 78' lang='lat'>—-</span> <span class='ocrx_word' id='word_1_364' title='bbox 1276 2724 1367 2761; x_wconf 82' lang='grc'><strong>568.</strong></span> <span class='ocrx_word' id='word_1_365' title='bbox 1403 2719 1632 2770; x_wconf 73' lang='lat' dir='ltr'>Postremo,</span> 
     </span>
     <span class='ocr_line' id='line_1_38' title="bbox 141 2789 1635 2841; baseline -0.001 -13"><span class='ocrx_word' id='word_1_366' title='bbox 141 2794 185 2828; x_wconf 81' lang='lat' dir='ltr'>ut</span> <span class='ocrx_word' id='word_1_367' title='bbox 214 2789 331 2829; x_wconf 88' lang='lat' dir='ltr'>finem</span> <span class='ocrx_word' id='word_1_368' title='bbox 363 2792 611 2830; x_wconf 86' lang='lat' dir='ltr'>altercationi</span> <span class='ocrx_word' id='word_1_369' title='bbox 642 2792 844 2831; x_wconf 83' lang='lat' dir='ltr'>faciamus.</span> <span class='ocrx_word' id='word_1_370' title='bbox 877 2813 932 2818; x_wconf 91' lang='lat'>—</span> <span class='ocrx_word' id='word_1_371' title='bbox 961 2801 1145 2841; x_wconf 70' lang='lat' dir='ltr'>paruam</span> <span class='ocrx_word' id='word_1_372' title='bbox 1175 2791 1348 2840; x_wconf 85' lang='lat' dir='ltr'>Scaliger</span> <span class='ocrx_word' id='word_1_373' title='bbox 1379 2804 1452 2828; x_wconf 90' lang='lat' dir='ltr'>em.</span> <span class='ocrx_word' id='word_1_374' title='bbox 1476 2791 1635 2828; x_wconf 88' lang='lat' dir='ltr'>iubente</span> 
     </span>
    </p>
   </div>
  </div>
 </body>
</html>
