<?xml version="1.0" encoding="UTF-8"?>
<!DOCTYPE html PUBLIC "-//W3C//DTD XHTML 1.0 Transitional//EN"
    "http://www.w3.org/TR/xhtml1/DTD/xhtml1-transitional.dtd">
<html xmlns="http://www.w3.org/1999/xhtml" xml:lang="en" lang="en">
 <head>
  <title>
</title>
<meta http-equiv="Content-Type" content="text/html;charset=utf-8" />
  <meta name='ocr-system' content='tesseract 3.04.00' />
  <meta name='ocr-capabilities' content='ocr_page ocr_carea ocr_par ocr_line ocrx_word'/>
</head>
<body>
  <div class='ocr_page' id='page_1' title='image "./comoediaerecensu02plauuoft_0333.png"; bbox 0 0 1897 3171; ppageno 0'>
   <div class='ocr_carea' id='block_1_1' title="bbox 787 183 1655 224">
    <p class='ocr_par' dir='ltr' id='par_1_1' title="bbox 787 183 1655 224">
     <span class='ocr_line' id='line_1_1' title="bbox 787 183 1655 224; baseline 0.009 -8"><span class='ocrx_word' id='word_1_1' title='bbox 787 183 827 217; x_wconf 88' lang='lat' dir='ltr'>V.</span> <span class='ocrx_word' id='word_1_2' title='bbox 856 185 1045 217; x_wconf 75' lang='lat'>356—369.</span> <span class='ocrx_word' id='word_1_3' title='bbox 1576 186 1655 224; x_wconf 83' lang='lat'>313</span> 
     </span>
    </p>
   </div>
   <div class='ocr_carea' id='block_1_2' title="bbox 161 312 1658 2210">
    <p class='ocr_par' dir='ltr' id='par_1_2' title="bbox 161 312 1658 2210">
     <span class='ocr_line' id='line_1_2' title="bbox 169 312 1657 362; baseline -0.003 -12"><span class='ocrx_word' id='word_1_4' title='bbox 169 314 296 351; x_wconf 88' lang='lat' dir='ltr'>inanis</span> <span class='ocrx_word' id='word_1_5' title='bbox 327 314 443 361; x_wconf 86' lang='lat' dir='ltr'>redit,</span> <span class='ocrx_word' id='word_1_6' title='bbox 477 314 522 351; x_wconf 88' lang='lat' dir='ltr'>cf.</span> <span class='ocrx_word' id='word_1_7' title='bbox 551 313 746 362; x_wconf 71' lang='lat' dir='ltr'>leophr.</span> <span class='ocrx_word' id='word_1_8' title='bbox 779 313 892 350; x_wconf 83' lang='lat' dir='ltr'>Char.</span> <span class='ocrx_word' id='word_1_9' title='bbox 929 314 990 359; x_wconf 90' lang='lat'>10,</span> <span class='ocrx_word' id='word_1_10' title='bbox 1022 314 1269 361; x_wconf 72' lang='grc' dir='ltr'>μικρολογίας,</span> <span class='ocrx_word' id='word_1_11' title='bbox 1300 312 1365 349; x_wconf 87' lang='lat' dir='ltr'>ubi</span> <span class='ocrx_word' id='word_1_12' title='bbox 1398 316 1475 349; x_wconf 86' lang='lat' dir='ltr'>est:</span> <span class='ocrx_word' id='word_1_13' title='bbox 1509 313 1657 361; x_wconf 69' lang='grc' dir='ltr'><em>ὀψωνῶν</em></span> 
     </span>
     <span class='ocr_line' id='line_1_3' title="bbox 166 380 1656 431; baseline 0 -15"><span class='ocrx_word' id='word_1_14' title='bbox 166 382 274 429; x_wconf 77' lang='grc' dir='ltr'><strong><em>μηδὲν</em></strong></span> <span class='ocrx_word' id='word_1_15' title='bbox 305 383 496 431; x_wconf 72' lang='grc' dir='ltr'><em>πριάμενος</em></span> <span class='ocrx_word' id='word_1_16' title='bbox 528 381 714 417; x_wconf 75' lang='grc' dir='ltr'><em>εἰσελθεῖν.</em></span> <span class='ocrx_word' id='word_1_17' title='bbox 740 401 794 406; x_wconf 90' lang='lat'>-—</span> <span class='ocrx_word' id='word_1_18' title='bbox 820 382 912 418; x_wconf 89' lang='lat'>364.</span> <span class='ocrx_word' id='word_1_19' title='bbox 945 391 1018 427; x_wconf 77' lang='lat' dir='ltr'>me,</span> <span class='ocrx_word' id='word_1_20' title='bbox 1051 380 1156 429; x_wconf 88' lang='lat' dir='ltr'>quod</span> <span class='ocrx_word' id='word_1_21' title='bbox 1187 382 1337 417; x_wconf 81' lang='lat' dir='ltr'>incuria</span> <span class='ocrx_word' id='word_1_22' title='bbox 1369 380 1526 424; x_wconf 84' lang='lat' dir='ltr'>excidit,</span> <span class='ocrx_word' id='word_1_23' title='bbox 1560 382 1600 417; x_wconf 88' lang='lat' dir='ltr'>in</span> <span class='ocrx_word' id='word_1_24' title='bbox 1625 380 1656 416; x_wconf 84' lang='lat' dir='ltr'><strong>B</strong></span> 
     </span>
     <span class='ocr_line' id='line_1_4' title="bbox 175 446 1657 500; baseline -0.002 -13"><span class='ocrx_word' id='word_1_25' title='bbox 175 463 294 500; x_wconf 87' lang='lat' dir='ltr'>supra</span> <span class='ocrx_word' id='word_1_26' title='bbox 323 450 469 487; x_wconf 79' lang='lat' dir='ltr'>lineam</span> <span class='ocrx_word' id='word_1_27' title='bbox 500 449 678 496; x_wconf 83' lang='lat' dir='ltr'>additur,</span> <span class='ocrx_word' id='word_1_28' title='bbox 711 450 779 487; x_wconf 88' lang='lat' dir='ltr'>sed</span> <span class='ocrx_word' id='word_1_29' title='bbox 810 452 899 499; x_wconf 83' lang='lat' dir='ltr'>post</span> <span class='ocrx_word' id='word_1_30' title='bbox 932 446 1180 497; x_wconf 79' lang='lat' dir='ltr'>„haberem“.</span> <span class='ocrx_word' id='word_1_31' title='bbox 1242 449 1298 486; x_wconf 87' lang='lat' dir='ltr'>Cf.</span> <span class='ocrx_word' id='word_1_32' title='bbox 1330 449 1413 486; x_wconf 88' lang='lat' dir='ltr'>Mil.</span> <span class='ocrx_word' id='word_1_33' title='bbox 1448 450 1550 485; x_wconf 89' lang='lat'>718:</span> <span class='ocrx_word' id='word_1_34' title='bbox 1602 449 1657 494; x_wconf 86' lang='lat' dir='ltr'>„si</span> 
     </span>
     <span class='ocr_line' id='line_1_5' title="bbox 173 515 1655 565; baseline -0.001 -10"><span class='ocrx_word' id='word_1_35' title='bbox 173 521 212 555; x_wconf 87' lang='lat' dir='ltr'>te</span> <span class='ocrx_word' id='word_1_36' title='bbox 252 518 348 555; x_wconf 85' lang='lat' dir='ltr'>bene</span> <span class='ocrx_word' id='word_1_37' title='bbox 387 515 556 565; x_wconf 84' lang='lat' dir='ltr'>habes“;</span> <span class='ocrx_word' id='word_1_38' title='bbox 602 518 654 556; x_wconf 87' lang='lat' dir='ltr'>ib.</span> <span class='ocrx_word' id='word_1_39' title='bbox 695 517 788 556; x_wconf 79' lang='lat'>724.</span> <span class='ocrx_word' id='word_1_40' title='bbox 827 517 947 555; x_wconf 74' lang='lat' dir='ltr'>Mero.</span> <span class='ocrx_word' id='word_1_41' title='bbox 983 518 1082 555; x_wconf 92' lang='lat'>540:</span> <span class='ocrx_word' id='word_1_42' title='bbox 1134 517 1256 564; x_wconf 84' lang='lat' dir='ltr'>„hanc</span> <span class='ocrx_word' id='word_1_43' title='bbox 1295 530 1334 554; x_wconf 88' lang='lat' dir='ltr'>se</span> <span class='ocrx_word' id='word_1_44' title='bbox 1372 517 1471 554; x_wconf 86' lang='lat' dir='ltr'>bene</span> <span class='ocrx_word' id='word_1_45' title='bbox 1512 517 1655 553; x_wconf 83' lang='lat' dir='ltr'>habere</span> 
     </span>
     <span class='ocr_line' id='line_1_6' title="bbox 172 582 1655 637; baseline -0.001 -14"><span class='ocrx_word' id='word_1_46' title='bbox 172 589 342 624; x_wconf 84' lang='lat' dir='ltr'>aetatem</span> <span class='ocrx_word' id='word_1_47' title='bbox 381 588 500 624; x_wconf 87' lang='lat' dir='ltr'>nimio</span> <span class='ocrx_word' id='word_1_48' title='bbox 538 583 759 637; x_wconf 83' lang='lat' dir='ltr'>aequiust“.</span> <span class='ocrx_word' id='word_1_49' title='bbox 790 606 846 610; x_wconf 87' lang='lat'>——</span> <span class='ocrx_word' id='word_1_50' title='bbox 883 582 997 635; x_wconf 68' lang='lat' dir='ltr'>filiae</span> <span class='ocrx_word' id='word_1_51' title='bbox 1033 583 1213 634; x_wconf 63' lang='lat' dir='ltr'>meptiis,</span> <span class='ocrx_word' id='word_1_52' title='bbox 1256 586 1303 623; x_wconf 91' lang='lat' dir='ltr'>cf.</span> <span class='ocrx_word' id='word_1_53' title='bbox 1337 586 1430 623; x_wconf 76' lang='lat'>287.</span> <span class='ocrx_word' id='word_1_54' title='bbox 1470 606 1524 609; x_wconf 90' lang='lat'>—</span> <span class='ocrx_word' id='word_1_55' title='bbox 1564 587 1655 622; x_wconf 86' lang='lat'>365.</span> 
     </span>
     <span class='ocr_line' id='line_1_7' title="bbox 171 651 1658 704; baseline -0.002 -12"><span class='ocrx_word' id='word_1_56' title='bbox 171 656 215 692; x_wconf 89' lang='lat' dir='ltr'>In</span> <span class='ocrx_word' id='word_1_57' title='bbox 245 651 413 694; x_wconf 79' lang='lat' dir='ltr'>macello</span> <span class='ocrx_word' id='word_1_58' title='bbox 454 659 492 693; x_wconf 84' lang='lat' dir='ltr'>et</span> <span class='ocrx_word' id='word_1_59' title='bbox 524 655 621 701; x_wconf 80' lang='lat' dir='ltr'>alia,</span> <span class='ocrx_word' id='word_1_60' title='bbox 662 668 747 704; x_wconf 88' lang='lat' dir='ltr'>quae</span> <span class='ocrx_word' id='word_1_61' title='bbox 781 653 831 691; x_wconf 87' lang='lat' dir='ltr'>ad</span> <span class='ocrx_word' id='word_1_62' title='bbox 863 667 994 691; x_wconf 88' lang='lat' dir='ltr'>cenam</span> <span class='ocrx_word' id='word_1_63' title='bbox 1025 654 1299 704; x_wconf 75' lang='lat' dir='ltr'>pertinebant,</span> <span class='ocrx_word' id='word_1_64' title='bbox 1348 653 1580 704; x_wconf 69' lang='lat' dir='ltr'>prostabant</span> <span class='ocrx_word' id='word_1_65' title='bbox 1618 656 1658 690; x_wconf 83' lang='lat' dir='ltr'>et</span> 
     </span>
     <span class='ocr_line' id='line_1_8' title="bbox 170 721 1657 774; baseline -0.002 -13"><span class='ocrx_word' id='word_1_66' title='bbox 170 724 337 761; x_wconf 82' lang='lat' dir='ltr'><strong>maxime</strong></span> <span class='ocrx_word' id='word_1_67' title='bbox 366 724 502 774; x_wconf 80' lang='lat' dir='ltr'>pisces,</span> <span class='ocrx_word' id='word_1_68' title='bbox 536 724 580 761; x_wconf 81' lang='lat' dir='ltr'>cf.</span> <span class='ocrx_word' id='word_1_69' title='bbox 598 723 738 761; x_wconf 57' lang='lat' dir='ltr'>Pseud.</span> <span class='ocrx_word' id='word_1_70' title='bbox 760 724 858 760; x_wconf 88' lang='lat'>168:</span> <span class='ocrx_word' id='word_1_71' title='bbox 894 721 1002 771; x_wconf 83' lang='lat' dir='ltr'>„Ego</span> <span class='ocrx_word' id='word_1_72' title='bbox 1034 735 1079 759; x_wconf 91' lang='lat' dir='ltr'>eo</span> <span class='ocrx_word' id='word_1_73' title='bbox 1109 723 1149 759; x_wconf 90' lang='lat' dir='ltr'>in</span> <span class='ocrx_word' id='word_1_74' title='bbox 1175 723 1392 768; x_wconf 80' lang='lat' dir='ltr'>macellum,</span> <span class='ocrx_word' id='word_1_75' title='bbox 1424 725 1468 759; x_wconf 88' lang='lat' dir='ltr'>ut</span> <span class='ocrx_word' id='word_1_76' title='bbox 1493 722 1657 771; x_wconf 86' lang='lat' dir='ltr'>piscium</span> 
     </span>
     <span class='ocr_line' id='line_1_9' title="bbox 171 787 1656 842; baseline -0.002 -13"><span class='ocrx_word' id='word_1_77' title='bbox 171 791 365 842; x_wconf 85' lang='lat' dir='ltr'>quidquid</span> <span class='ocrx_word' id='word_1_78' title='bbox 387 795 448 830; x_wconf 87' lang='lat' dir='ltr'>est</span> <span class='ocrx_word' id='word_1_79' title='bbox 468 793 597 842; x_wconf 90' lang='lat' dir='ltr'>pretio</span> <span class='ocrx_word' id='word_1_80' title='bbox 622 787 900 841; x_wconf 81' lang='lat' dir='ltr'>p1·aestinem“.</span> <span class='ocrx_word' id='word_1_81' title='bbox 947 791 1056 828; x_wconf 86' lang='lat' dir='ltr'>Idem</span> <span class='ocrx_word' id='word_1_82' title='bbox 1079 791 1207 828; x_wconf 87' lang='lat' dir='ltr'>sorum</span> <span class='ocrx_word' id='word_1_83' title='bbox 1225 791 1436 839; x_wconf 87' lang='lat' dir='ltr'>piscarium</span> <span class='ocrx_word' id='word_1_84' title='bbox 1457 790 1518 827; x_wconf 77' lang='lat' dir='ltr'>vel</span> <span class='ocrx_word' id='word_1_85' title='bbox 1534 791 1656 839; x_wconf 84' lang='lat' dir='ltr'>pisca-</span> 
     </span>
     <span class='ocr_line' id='line_1_10' title="bbox 168 857 1656 908; baseline -0.002 -11"><span class='ocrx_word' id='word_1_86' title='bbox 168 860 315 898; x_wconf 88' lang='lat' dir='ltr'>torium</span> <span class='ocrx_word' id='word_1_87' title='bbox 341 860 556 907; x_wconf 76' lang='lat' dir='ltr'>dicebatur,</span> <span class='ocrx_word' id='word_1_88' title='bbox 588 873 622 896; x_wconf 89' lang='lat' dir='ltr'>v.</span> <span class='ocrx_word' id='word_1_89' title='bbox 641 859 794 898; x_wconf 87' lang='lat' dir='ltr'>Curcul.</span> <span class='ocrx_word' id='word_1_90' title='bbox 821 860 923 906; x_wconf 78' lang='lat'>4733</span> <span class='ocrx_word' id='word_1_91' title='bbox 948 859 1048 907; x_wconf 82' lang='lat' dir='ltr'>Liv.,</span> <span class='ocrx_word' id='word_1_92' title='bbox 1074 860 1141 908; x_wconf 88' lang='lat' dir='ltr'>qui</span> <span class='ocrx_word' id='word_1_93' title='bbox 1172 858 1314 906; x_wconf 89' lang='lat' dir='ltr'>XXVI,</span> <span class='ocrx_word' id='word_1_94' title='bbox 1347 857 1412 906; x_wconf 75' lang='lat'>27,</span> <span class='ocrx_word' id='word_1_95' title='bbox 1447 859 1468 896; x_wconf 88' lang='lat'>3</span> <span class='ocrx_word' id='word_1_96' title='bbox 1506 858 1656 906; x_wconf 87' lang='lat' dir='ltr'>„forum</span> 
     </span>
     <span class='ocr_line' id='line_1_11' title="bbox 169 924 1656 977; baseline -0.001 -12"><span class='ocrx_word' id='word_1_97' title='bbox 169 926 449 977; x_wconf 83' lang='lat' dir='ltr'>piscatorium“</span> <span class='ocrx_word' id='word_1_98' title='bbox 477 929 629 975; x_wconf 82' lang='lat' dir='ltr'>arsisse,</span> <span class='ocrx_word' id='word_1_99' title='bbox 661 927 821 975; x_wconf 89' lang='lat' dir='ltr'>XXVII,</span> <span class='ocrx_word' id='word_1_100' title='bbox 854 929 916 975; x_wconf 96' lang='grc'>11,</span> <span class='ocrx_word' id='word_1_101' title='bbox 946 929 993 965; x_wconf 93' lang='grc'>16</span> <span class='ocrx_word' id='word_1_102' title='bbox 1026 924 1277 975; x_wconf 81' lang='lat' dir='ltr'>„macellum“</span> <span class='ocrx_word' id='word_1_103' title='bbox 1313 928 1541 964; x_wconf 87' lang='lat' dir='ltr'>restitutum</span> <span class='ocrx_word' id='word_1_104' title='bbox 1573 941 1656 963; x_wconf 87' lang='lat' dir='ltr'>esse</span> 
     </span>
     <span class='ocr_line' id='line_1_12' title="bbox 170 995 1657 1046; baseline -0.002 -12"><span class='ocrx_word' id='word_1_105' title='bbox 170 1001 326 1044; x_wconf 77' lang='lat' dir='ltr'>narrat;</span> <span class='ocrx_word' id='word_1_106' title='bbox 354 997 401 1035; x_wconf 86' lang='lat' dir='ltr'>cf.</span> <span class='ocrx_word' id='word_1_107' title='bbox 419 997 531 1035; x_wconf 82' lang='lat' dir='ltr'>Varr.</span> <span class='ocrx_word' id='word_1_108' title='bbox 545 996 590 1034; x_wconf 87' lang='lat' dir='ltr'>L.</span> <span class='ocrx_word' id='word_1_109' title='bbox 606 995 650 1034; x_wconf 89' lang='lat' dir='ltr'>L.</span> <span class='ocrx_word' id='word_1_110' title='bbox 663 996 708 1043; x_wconf 87' lang='lat' dir='ltr'>V,</span> <span class='ocrx_word' id='word_1_111' title='bbox 731 997 822 1034; x_wconf 89' lang='lat'>146.</span> <span class='ocrx_word' id='word_1_112' title='bbox 869 996 941 1043; x_wconf 76' lang='lat' dir='ltr'>Qui</span> <span class='ocrx_word' id='word_1_113' title='bbox 960 996 1064 1046; x_wconf 88' lang='lat' dir='ltr'>quod</span> <span class='ocrx_word' id='word_1_114' title='bbox 1080 996 1155 1033; x_wconf 86' lang='lat' dir='ltr'>viri</span> <span class='ocrx_word' id='word_1_115' title='bbox 1173 996 1337 1033; x_wconf 81' lang='lat' dir='ltr'>alicuius</span> <span class='ocrx_word' id='word_1_116' title='bbox 1353 995 1507 1032; x_wconf 88' lang='lat' dir='ltr'>nomine</span> <span class='ocrx_word' id='word_1_117' title='bbox 1525 995 1657 1044; x_wconf 87' lang='lat' dir='ltr'>appel-</span> 
     </span>
     <span class='ocr_line' id='line_1_13' title="bbox 175 1060 1656 1115; baseline -0.002 -12"><span class='ocrx_word' id='word_1_118' title='bbox 175 1065 296 1102; x_wconf 81' lang='lat' dir='ltr'>latum</span> <span class='ocrx_word' id='word_1_119' title='bbox 321 1079 406 1103; x_wconf 86' lang='lat' dir='ltr'>esse</span> <span class='ocrx_word' id='word_1_120' title='bbox 432 1069 471 1103; x_wconf 92' lang='lat' dir='ltr'>et</span> <span class='ocrx_word' id='word_1_121' title='bbox 492 1066 576 1115; x_wconf 89' lang='lat' dir='ltr'>ipse</span> <span class='ocrx_word' id='word_1_122' title='bbox 603 1064 730 1102; x_wconf 84' lang='lat' dir='ltr'>credit</span> <span class='ocrx_word' id='word_1_123' title='bbox 753 1068 793 1101; x_wconf 87' lang='lat' dir='ltr'>ct</span> <span class='ocrx_word' id='word_1_124' title='bbox 816 1065 1028 1102; x_wconf 72' lang='lat' dir='ltr'>Plutarcho</span> <span class='ocrx_word' id='word_1_125' title='bbox 1048 1062 1211 1112; x_wconf 77' lang='lat' dir='ltr'>(Quaest.</span> <span class='ocrx_word' id='word_1_126' title='bbox 1230 1064 1341 1102; x_wconf 90' lang='lat' dir='ltr'>Rom.</span> <span class='ocrx_word' id='word_1_127' title='bbox 1363 1060 1431 1112; x_wconf 89' lang='lat'>54)</span> <span class='ocrx_word' id='word_1_128' title='bbox 1450 1064 1656 1113; x_wconf 77' lang='lat' dir='ltr'>persuasit,</span> 
     </span>
     <span class='ocr_line' id='line_1_14' title="bbox 169 1132 1655 1187; baseline -0.001 -17"><span class='ocrx_word' id='word_1_129' title='bbox 169 1137 324 1187; x_wconf 28' lang='lat' dir='ltr'>non-est</span> <span class='ocrx_word' id='word_1_130' title='bbox 341 1133 448 1184; x_wconf 88' lang='lat' dir='ltr'>quod</span> <span class='ocrx_word' id='word_1_131' title='bbox 465 1147 654 1171; x_wconf 88' lang='lat' dir='ltr'>curemus.</span> <span class='ocrx_word' id='word_1_132' title='bbox 688 1133 745 1171; x_wconf 89' lang='lat' dir='ltr'>Cf.</span> <span class='ocrx_word' id='word_1_133' title='bbox 760 1133 910 1181; x_wconf 81' lang='lat' dir='ltr'>Nissen,</span> <span class='ocrx_word' id='word_1_134' title='bbox 929 1132 1252 1182; x_wconf 81' lang='lat' dir='ltr'>Pompeianische</span> <span class='ocrx_word' id='word_1_135' title='bbox 1266 1132 1432 1170; x_wconf 76' lang='lat' dir='ltr'>Studien</span> <span class='ocrx_word' id='word_1_136' title='bbox 1448 1146 1487 1182; x_wconf 93' lang='lat' dir='ltr'>p.</span> <span class='ocrx_word' id='word_1_137' title='bbox 1501 1133 1578 1169; x_wconf 73' lang='lat'>279</span> <span class='ocrx_word' id='word_1_138' title='bbox 1599 1146 1655 1181; x_wconf 91' lang='lat' dir='ltr'>sp.</span> 
     </span>
     <span class='ocr_line' id='line_1_15' title="bbox 165 1199 1657 1252; baseline -0.003 -12"><span class='ocrx_word' id='word_1_139' title='bbox 165 1222 220 1227; x_wconf 88' lang='lat'>-—</span> <span class='ocrx_word' id='word_1_140' title='bbox 240 1199 427 1240; x_wconf 67' lang='lat' dir='ltr'>indicant</span> <span class='ocrx_word' id='word_1_141' title='bbox 451 1212 580 1249; x_wconf 77' lang='lat' dir='ltr'>caros,</span> <span class='ocrx_word' id='word_1_142' title='bbox 613 1203 637 1240; x_wconf 93' lang='lat' dir='ltr'>i.</span> <span class='ocrx_word' id='word_1_143' title='bbox 658 1215 690 1240; x_wconf 90' lang='lat' dir='ltr'>e.</span> <span class='ocrx_word' id='word_1_144' title='bbox 709 1215 894 1251; x_wconf 89' lang='lat' dir='ltr'>magnum</span> <span class='ocrx_word' id='word_1_145' title='bbox 911 1205 1084 1252; x_wconf 83' lang='lat' dir='ltr'>pretium</span> <span class='ocrx_word' id='word_1_146' title='bbox 1109 1204 1301 1247; x_wconf 75' lang='lat' dir='ltr'>statuunt,</span> <span class='ocrx_word' id='word_1_147' title='bbox 1334 1200 1494 1239; x_wconf 89' lang='lat' dir='ltr'>verbum</span> <span class='ocrx_word' id='word_1_148' title='bbox 1519 1201 1559 1237; x_wconf 91' lang='lat' dir='ltr'>in</span> <span class='ocrx_word' id='word_1_149' title='bbox 1585 1200 1657 1237; x_wconf 80' lang='lat' dir='ltr'>hac</span> 
     </span>
     <span class='ocr_line' id='line_1_16' title="bbox 168 1268 1657 1321; baseline -0.001 -15"><span class='ocrx_word' id='word_1_150' title='bbox 168 1284 208 1307; x_wconf 87' lang='lat' dir='ltr'>re</span> <span class='ocrx_word' id='word_1_151' title='bbox 238 1271 454 1321; x_wconf 86' lang='lat' dir='ltr'>proprium,</span> <span class='ocrx_word' id='word_1_152' title='bbox 480 1271 647 1309; x_wconf 68' lang='lat' dir='ltr'>&#39;v.Pers.</span> <span class='ocrx_word' id='word_1_153' title='bbox 679 1272 778 1308; x_wconf 87' lang='lat'>574:</span> <span class='ocrx_word' id='word_1_154' title='bbox 815 1271 979 1320; x_wconf 85' lang='lat' dir='ltr'>„quanti</span> <span class='ocrx_word' id='word_1_155' title='bbox 1005 1268 1194 1308; x_wconf 82' lang='lat' dir='ltr'>indicet“.</span> <span class='ocrx_word' id='word_1_156' title='bbox 1258 1271 1356 1308; x_wconf 91' lang='lat'>585:</span> <span class='ocrx_word' id='word_1_157' title='bbox 1394 1269 1563 1316; x_wconf 81' lang='lat' dir='ltr'>„Indica‚</span> <span class='ocrx_word' id='word_1_158' title='bbox 1596 1269 1657 1305; x_wconf 88' lang='lat' dir='ltr'>fac</span> 
     </span>
     <span class='ocr_line' id='line_1_17' title="bbox 165 1336 1653 1389; baseline -0.001 -13"><span class='ocrx_word' id='word_1_159' title='bbox 165 1340 349 1389; x_wconf 86' lang='lat' dir='ltr'>pretium.</span> <span class='ocrx_word' id='word_1_160' title='bbox 395 1339 478 1378; x_wconf 93' lang='lat' dir='ltr'>DO.</span> <span class='ocrx_word' id='word_1_161' title='bbox 506 1339 589 1377; x_wconf 79' lang='lat' dir='ltr'>Tua</span> <span class='ocrx_word' id='word_1_162' title='bbox 613 1353 723 1377; x_wconf 85' lang='lat' dir='ltr'>merx</span> <span class='ocrx_word' id='word_1_163' title='bbox 747 1342 824 1386; x_wconf 83' lang='lat' dir='ltr'>est3</span> <span class='ocrx_word' id='word_1_164' title='bbox 856 1342 924 1376; x_wconf 86' lang='lat' dir='ltr'>tua</span> <span class='ocrx_word' id='word_1_165' title='bbox 940 1338 1130 1377; x_wconf 85' lang='lat' dir='ltr'>indicatio</span> <span class='ocrx_word' id='word_1_166' title='bbox 1147 1336 1247 1376; x_wconf 86' lang='lat' dir='ltr'>est“.</span> <span class='ocrx_word' id='word_1_167' title='bbox 1279 1338 1331 1376; x_wconf 90' lang='lat' dir='ltr'>ib.</span> <span class='ocrx_word' id='word_1_168' title='bbox 1359 1338 1450 1376; x_wconf 88' lang='lat'>587.</span> <span class='ocrx_word' id='word_1_169' title='bbox 1483 1337 1560 1376; x_wconf 91' lang='lat' dir='ltr'>Cic.</span> <span class='ocrx_word' id='word_1_170' title='bbox 1580 1336 1653 1375; x_wconf 90' lang='lat' dir='ltr'>Off.</span> 
     </span>
     <span class='ocr_line' id='line_1_18' title="bbox 165 1406 1653 1458; baseline -0.001 -14"><span class='ocrx_word' id='word_1_171' title='bbox 165 1406 234 1454; x_wconf 90' lang='lat' dir='ltr'>III,</span> <span class='ocrx_word' id='word_1_172' title='bbox 257 1408 317 1454; x_wconf 90' lang='lat'>15,</span> <span class='ocrx_word' id='word_1_173' title='bbox 338 1408 409 1445; x_wconf 80' lang='lat'>62:</span> <span class='ocrx_word' id='word_1_174' title='bbox 446 1421 590 1457; x_wconf 89' lang='lat' dir='ltr'>„quum</span> <span class='ocrx_word' id='word_1_175' title='bbox 616 1408 863 1458; x_wconf 80' lang='lat' dir='ltr'>postulasset,</span> <span class='ocrx_word' id='word_1_176' title='bbox 889 1410 935 1445; x_wconf 88' lang='lat' dir='ltr'>ut</span> <span class='ocrx_word' id='word_1_177' title='bbox 958 1407 1034 1446; x_wconf 88' lang='lat' dir='ltr'>sibi</span> <span class='ocrx_word' id='word_1_178' title='bbox 1057 1407 1213 1455; x_wconf 85' lang='lat' dir='ltr'>fundus,</span> <span class='ocrx_word' id='word_1_179' title='bbox 1246 1407 1354 1445; x_wconf 89' lang='lat' dir='ltr'>cuius</span> <span class='ocrx_word' id='word_1_180' title='bbox 1379 1409 1534 1455; x_wconf 82' lang='lat' dir='ltr'>emptor</span> <span class='ocrx_word' id='word_1_181' title='bbox 1558 1408 1653 1453; x_wconf 84' lang='lat' dir='ltr'>erat,</span> 
     </span>
     <span class='ocr_line' id='line_1_19' title="bbox 165 1474 1654 1526; baseline -0.001 -14"><span class='ocrx_word' id='word_1_182' title='bbox 165 1475 286 1513; x_wconf 86' lang='lat' dir='ltr'>semel</span> <span class='ocrx_word' id='word_1_183' title='bbox 303 1474 586 1515; x_wconf 84' lang='lat' dir='ltr'>indicaretur“.</span> <span class='ocrx_word' id='word_1_184' title='bbox 633 1476 718 1514; x_wconf 91' lang='lat' dir='ltr'>Liv.</span> <span class='ocrx_word' id='word_1_185' title='bbox 736 1476 919 1523; x_wconf 91' lang='lat' dir='ltr'>XXVIII,</span> <span class='ocrx_word' id='word_1_186' title='bbox 937 1477 1002 1523; x_wconf 87' lang='lat'>46,</span> <span class='ocrx_word' id='word_1_187' title='bbox 1025 1478 1065 1514; x_wconf 90' lang='lat'>5:</span> <span class='ocrx_word' id='word_1_188' title='bbox 1103 1476 1247 1523; x_wconf 88' lang='lat' dir='ltr'>„indici</span> <span class='ocrx_word' id='word_1_189' title='bbox 1270 1475 1487 1526; x_wconf 85' lang='lat' dir='ltr'>praemium</span> <span class='ocrx_word' id='word_1_190' title='bbox 1509 1475 1654 1512; x_wconf 84' lang='lat' dir='ltr'>consti-</span> 
     </span>
     <span class='ocr_line' id='line_1_20' title="bbox 163 1542 1657 1594; baseline -0.001 -13"><span class='ocrx_word' id='word_1_191' title='bbox 163 1546 305 1591; x_wconf 85' lang='lat' dir='ltr'>tutum,</span> <span class='ocrx_word' id='word_1_192' title='bbox 334 1548 491 1594; x_wconf 82' lang='lat' dir='ltr'>quantae</span> <span class='ocrx_word' id='word_1_193' title='bbox 515 1546 692 1594; x_wconf 87' lang='lat' dir='ltr'>pecuniae</span> <span class='ocrx_word' id='word_1_194' title='bbox 718 1557 812 1593; x_wconf 85' lang='lat' dir='ltr'>ager</span> <span class='ocrx_word' id='word_1_195' title='bbox 836 1545 1032 1583; x_wconf 85' lang='lat' dir='ltr'>indicat-us</span> <span class='ocrx_word' id='word_1_196' title='bbox 1050 1547 1162 1591; x_wconf 87' lang='lat' dir='ltr'>esset,</span> <span class='ocrx_word' id='word_1_197' title='bbox 1194 1557 1285 1594; x_wconf 86' lang='lat' dir='ltr'>pars</span> <span class='ocrx_word' id='word_1_198' title='bbox 1303 1542 1492 1581; x_wconf 82' lang='lat' dir='ltr'>decima“.</span> <span class='ocrx_word' id='word_1_199' title='bbox 1538 1543 1657 1594; x_wconf 89' lang='lat' dir='ltr'>Apud</span> 
     </span>
     <span class='ocr_line' id='line_1_21' title="bbox 163 1611 1654 1660; baseline 0 -12"><span class='ocrx_word' id='word_1_200' title='bbox 163 1612 333 1649; x_wconf 89' lang='lat' dir='ltr'>Plinium</span> <span class='ocrx_word' id='word_1_201' title='bbox 367 1616 404 1650; x_wconf 82' lang='lat' dir='ltr'>et</span> <span class='ocrx_word' id='word_1_202' title='bbox 436 1612 599 1650; x_wconf 80' lang='lat' dir='ltr'>verbum</span> <span class='ocrx_word' id='word_1_203' title='bbox 635 1616 743 1650; x_wconf 85' lang='lat' dir='ltr'>extat</span> <span class='ocrx_word' id='word_1_204' title='bbox 776 1616 814 1650; x_wconf 88' lang='lat' dir='ltr'>et</span> <span class='ocrx_word' id='word_1_205' title='bbox 841 1613 1085 1651; x_wconf 83' lang='lat' dir='ltr'>substantiva</span> <span class='ocrx_word' id='word_1_206' title='bbox 1115 1611 1350 1660; x_wconf 82' lang='lat' dir='ltr'>„indicatio“</span> <span class='ocrx_word' id='word_1_207' title='bbox 1383 1611 1447 1660; x_wconf 89' lang='lat' dir='ltr'>(H</span> <span class='ocrx_word' id='word_1_208' title='bbox 1465 1612 1511 1649; x_wconf 91' lang='lat' dir='ltr'>N.</span> <span class='ocrx_word' id='word_1_209' title='bbox 1530 1611 1654 1658; x_wconf 89' lang='lat' dir='ltr'>XXII,</span> 
     </span>
     <span class='ocr_line' id='line_1_22' title="bbox 166 1677 1655 1729; baseline -0.001 -12"><span class='ocrx_word' id='word_1_210' title='bbox 166 1678 187 1727; x_wconf 61' lang='grc' dir='ltr'><em>ἓ</em></span> <span class='ocrx_word' id='word_1_211' title='bbox 225 1678 321 1727; x_wconf 87' lang='grc'><strong>109)</strong></span> <span class='ocrx_word' id='word_1_212' title='bbox 355 1684 395 1718; x_wconf 86' lang='lat' dir='ltr'>et</span> <span class='ocrx_word' id='word_1_213' title='bbox 429 1680 701 1729; x_wconf 82' lang='lat' dir='ltr'>„indicatura“</span> <span class='ocrx_word' id='word_1_214' title='bbox 739 1679 955 1728; x_wconf 84' lang='lat' dir='ltr'>(XXXVII,</span> <span class='ocrx_word' id='word_1_215' title='bbox 987 1679 1067 1728; x_wconf 90' lang='lat'>18).</span> <span class='ocrx_word' id='word_1_216' title='bbox 1099 1702 1154 1707; x_wconf 90' lang='lat'>—</span> <span class='ocrx_word' id='word_1_217' title='bbox 1188 1683 1279 1719; x_wconf 85' lang='lat'>367.</span> <span class='ocrx_word' id='word_1_218' title='bbox 1321 1677 1549 1720; x_wconf 69' lang='lat' dir='ltr'>Uitulimmb</span> <span class='ocrx_word' id='word_1_219' title='bbox 1579 1680 1655 1716; x_wconf 84' lang='lat' dir='ltr'>iam</span> 
     </span>
     <span class='ocr_line' id='line_1_23' title="bbox 162 1748 1655 1800; baseline 0 -15"><span class='ocrx_word' id='word_1_220' title='bbox 162 1749 201 1785; x_wconf 87' lang='lat' dir='ltr'>in</span> <span class='ocrx_word' id='word_1_221' title='bbox 243 1748 354 1787; x_wconf 89' lang='lat' dir='ltr'>codd.</span> <span class='ocrx_word' id='word_1_222' title='bbox 396 1749 657 1787; x_wconf 81' lang='lat' dir='ltr'>emendatum.</span> <span class='ocrx_word' id='word_1_223' title='bbox 720 1750 872 1797; x_wconf 77' lang='lat' dir='ltr'>cetum,</span> <span class='ocrx_word' id='word_1_224' title='bbox 919 1750 1033 1797; x_wconf 88' lang='lat' dir='ltr'>item,</span> <span class='ocrx_word' id='word_1_225' title='bbox 1082 1750 1127 1787; x_wconf 86' lang='lat' dir='ltr'>cf.</span> <span class='ocrx_word' id='word_1_226' title='bbox 1171 1750 1282 1800; x_wconf 84' lang='lat' dir='ltr'>Capt.</span> <span class='ocrx_word' id='word_1_227' title='bbox 1324 1750 1416 1787; x_wconf 87' lang='lat'>845.</span> <span class='ocrx_word' id='word_1_228' title='bbox 1478 1748 1655 1786; x_wconf 79' lang='lat' dir='ltr'>Graecum</span> 
     </span>
     <span class='ocr_line' id='line_1_24' title="bbox 162 1817 1654 1867; baseline 0 -14"><span class='ocrx_word' id='word_1_229' title='bbox 162 1817 261 1863; x_wconf 74' lang='grc' dir='ltr'><strong>κῆτος</strong></span> <span class='ocrx_word' id='word_1_230' title='bbox 299 1817 403 1867; x_wconf 87' lang='lat' dir='ltr'>apud</span> <span class='ocrx_word' id='word_1_231' title='bbox 441 1819 624 1867; x_wconf 84' lang='lat' dir='ltr'>antiquos</span> <span class='ocrx_word' id='word_1_232' title='bbox 665 1818 826 1856; x_wconf 86' lang='lat' dir='ltr'>Latinos</span> <span class='ocrx_word' id='word_1_233' title='bbox 865 1818 1042 1856; x_wconf 80' lang='lat' dir='ltr'>secundae</span> <span class='ocrx_word' id='word_1_234' title='bbox 1084 1818 1358 1855; x_wconf 80' lang='lat' dir='ltr'>declinationis</span> <span class='ocrx_word' id='word_1_235' title='bbox 1398 1819 1543 1854; x_wconf 85' lang='lat' dir='ltr'>factum</span> <span class='ocrx_word' id='word_1_236' title='bbox 1585 1820 1654 1864; x_wconf 86' lang='lat' dir='ltr'>cst,</span> 
     </span>
     <span class='ocr_line' id='line_1_25' title="bbox 163 1885 1655 1937; baseline -0.001 -15"><span class='ocrx_word' id='word_1_237' title='bbox 163 1885 241 1923; x_wconf 89' lang='lat' dir='ltr'>vid.</span> <span class='ocrx_word' id='word_1_238' title='bbox 274 1886 325 1923; x_wconf 83' lang='lat' dir='ltr'>ad</span> <span class='ocrx_word' id='word_1_239' title='bbox 354 1886 496 1936; x_wconf 88' lang='lat' dir='ltr'>Amph.</span> <span class='ocrx_word' id='word_1_240' title='bbox 531 1888 595 1924; x_wconf 79' lang='lat'>99.</span> <span class='ocrx_word' id='word_1_241' title='bbox 657 1887 824 1937; x_wconf 80' lang='lat' dir='ltr'>Magnus</span> <span class='ocrx_word' id='word_1_242' title='bbox 856 1887 1016 1936; x_wconf 84' lang='lat' dir='ltr'>quidam</span> <span class='ocrx_word' id='word_1_243' title='bbox 1047 1887 1167 1937; x_wconf 88' lang='lat' dir='ltr'>piscis</span> <span class='ocrx_word' id='word_1_244' title='bbox 1199 1885 1454 1934; x_wconf 84' lang='lat' dir='ltr'>significatur,</span> <span class='ocrx_word' id='word_1_245' title='bbox 1488 1886 1655 1922; x_wconf 85' lang='lat' dir='ltr'>sortasse</span> 
     </span>
     <span class='ocr_line' id='line_1_26' title="bbox 162 1954 1654 2005; baseline 0 -15"><span class='ocrx_word' id='word_1_246' title='bbox 162 1954 347 2003; x_wconf 85' lang='lat' dir='ltr'>thynnus.</span> <span class='ocrx_word' id='word_1_247' title='bbox 394 1954 491 1992; x_wconf 88' lang='lat' dir='ltr'>Inde</span> <span class='ocrx_word' id='word_1_248' title='bbox 512 1954 714 2002; x_wconf 77' lang='lat' dir='ltr'>„cetarii“‚</span> <span class='ocrx_word' id='word_1_249' title='bbox 748 1956 815 2005; x_wconf 84' lang='lat' dir='ltr'>qui</span> <span class='ocrx_word' id='word_1_250' title='bbox 839 1955 921 1993; x_wconf 84' lang='lat' dir='ltr'>haec</span> <span class='ocrx_word' id='word_1_251' title='bbox 948 1956 1028 1992; x_wconf 84' lang='lat' dir='ltr'>sale</span> <span class='ocrx_word' id='word_1_252' title='bbox 1052 1955 1212 1993; x_wconf 86' lang='lat' dir='ltr'>condita</span> <span class='ocrx_word' id='word_1_253' title='bbox 1235 1955 1469 1992; x_wconf 82' lang='lat' dir='ltr'>vendebant.</span> <span class='ocrx_word' id='word_1_254' title='bbox 1488 1974 1542 1978; x_wconf 64' lang='grc'>»-</span> <span class='ocrx_word' id='word_1_255' title='bbox 1562 1955 1654 1991; x_wconf 89' lang='lat'>368.</span> 
     </span>
     <span class='ocr_line' id='line_1_27' title="bbox 162 2020 1655 2074; baseline 0 -16"><span class='ocrx_word' id='word_1_256' title='bbox 162 2031 207 2059; x_wconf 80' lang='lat' dir='ltr'>eo</span> <span class='ocrx_word' id='word_1_257' title='bbox 222 2020 393 2071; x_wconf 70' lang='lat' dir='ltr'>fuerunt</span> <span class='ocrx_word' id='word_1_258' title='bbox 409 2020 568 2062; x_wconf 71' lang='lat' dir='ltr'>cariora</span> <span class='ocrx_word' id='word_1_259' title='bbox 582 2023 830 2073; x_wconf 77' lang='lat' dir='ltr'>parenthesis</span> <span class='ocrx_word' id='word_1_260' title='bbox 846 2023 962 2061; x_wconf 92' lang='lat' dir='ltr'>modo</span> <span class='ocrx_word' id='word_1_261' title='bbox 983 2025 1303 2074; x_wconf 85' lang='lat' dir='ltr'>interponuntur.</span> <span class='ocrx_word' id='word_1_262' title='bbox 1321 2043 1376 2049; x_wconf 73' lang='lat'>--</span> <span class='ocrx_word' id='word_1_263' title='bbox 1396 2025 1486 2061; x_wconf 77' lang='lat'>369.</span> <span class='ocrx_word' id='word_1_264' title='bbox 1512 2022 1655 2059; x_wconf 88' lang='lat' dir='ltr'>Versus</span> 
     </span>
     <span class='ocr_line' id='line_1_28' title="bbox 161 2089 1654 2139; baseline 0.001 -12"><span class='ocrx_word' id='word_1_265' title='bbox 161 2091 332 2128; x_wconf 83' lang='lat' dir='ltr'>numeris</span> <span class='ocrx_word' id='word_1_266' title='bbox 364 2091 591 2130; x_wconf 87' lang='lat' dir='ltr'>destitutus.</span> <span class='ocrx_word' id='word_1_267' title='bbox 638 2091 787 2130; x_wconf 82' lang='lat' dir='ltr'>Camer.</span> <span class='ocrx_word' id='word_1_268' title='bbox 812 2092 943 2139; x_wconf 86' lang='lat' dir='ltr'>„illinc</span> <span class='ocrx_word' id='word_1_269' title='bbox 974 2090 1140 2130; x_wconf 81' lang='lat' dir='ltr'>iratus“.</span> <span class='ocrx_word' id='word_1_270' title='bbox 1188 2092 1302 2129; x_wconf 90' lang='lat' dir='ltr'>Both.</span> <span class='ocrx_word' id='word_1_271' title='bbox 1336 2093 1457 2138; x_wconf 88' lang='lat' dir='ltr'>„illim</span> <span class='ocrx_word' id='word_1_272' title='bbox 1483 2089 1654 2137; x_wconf 81' lang='lat' dir='ltr'>i1·atus“;</span> 
     </span>
     <span class='ocr_line' id='line_1_29' title="bbox 162 2157 1657 2210; baseline 0.001 -14"><span class='ocrx_word' id='word_1_273' title='bbox 162 2159 309 2197; x_wconf 89' lang='lat' dir='ltr'>Ritsch.</span> <span class='ocrx_word' id='word_1_274' title='bbox 349 2159 458 2198; x_wconf 89' lang='lat' dir='ltr'>Neue</span> <span class='ocrx_word' id='word_1_275' title='bbox 498 2160 593 2198; x_wconf 82' lang='lat' dir='ltr'>Exc.</span> <span class='ocrx_word' id='word_1_276' title='bbox 625 2160 664 2207; x_wconf 93' lang='lat' dir='ltr'>I,</span> <span class='ocrx_word' id='word_1_277' title='bbox 704 2174 742 2210; x_wconf 88' lang='lat' dir='ltr'>p.</span> <span class='ocrx_word' id='word_1_278' title='bbox 785 2162 834 2198; x_wconf 87' lang='lat'>63</span> <span class='ocrx_word' id='word_1_279' title='bbox 882 2164 1092 2210; x_wconf 72' lang='lat' dir='ltr'>praeterea:</span> <span class='ocrx_word' id='word_1_280' title='bbox 1152 2160 1270 2210; x_wconf 87' lang='lat' dir='ltr'>„quid</span> <span class='ocrx_word' id='word_1_281' title='bbox 1310 2159 1458 2198; x_wconf 85' lang='lat' dir='ltr'>emam“</span> <span class='ocrx_word' id='word_1_282' title='bbox 1509 2173 1594 2198; x_wconf 92' lang='lat' dir='ltr'>cum</span> <span class='ocrx_word' id='word_1_283' title='bbox 1629 2157 1657 2197; x_wconf 77' lang='grc' dir='ltr'>(Ζ</span> 
     </span>
    </p>
   </div>
   <div class='ocr_carea' id='block_1_3' title="bbox 97 2228 1655 2278">
    <p class='ocr_par' dir='ltr' id='par_1_3' title="bbox 97 2228 1655 2278">
     <span class='ocr_line' id='line_1_30' title="bbox 97 2228 1655 2278; baseline 0.001 -14"><span class='ocrx_word' id='word_1_284' title='bbox 97 2232 99 2235; x_wconf 89' lang='grc'><strong>’</strong></span> <span class='ocrx_word' id='word_1_285' title='bbox 161 2241 230 2264; x_wconf 86' lang='lat' dir='ltr'>suo</span> <span class='ocrx_word' id='word_1_286' title='bbox 275 2228 526 2277; x_wconf 84' lang='lat' dir='ltr'>paragogico.</span> <span class='ocrx_word' id='word_1_287' title='bbox 610 2228 847 2266; x_wconf 62' lang='lat' dir='ltr'>Francken:</span> <span class='ocrx_word' id='word_1_288' title='bbox 907 2230 1060 2277; x_wconf 86' lang='lat' dir='ltr'>„Iratus</span> <span class='ocrx_word' id='word_1_289' title='bbox 1108 2230 1213 2267; x_wconf 90' lang='lat' dir='ltr'>illinc</span> <span class='ocrx_word' id='word_1_290' title='bbox 1262 2228 1383 2267; x_wconf 82' lang='lat' dir='ltr'>abeo“</span> <span class='ocrx_word' id='word_1_291' title='bbox 1438 2233 1476 2266; x_wconf 89' lang='lat' dir='ltr'>et</span> <span class='ocrx_word' id='word_1_292' title='bbox 1515 2232 1655 2278; x_wconf 85' lang='lat' dir='ltr'>postea</span> 
     </span>
    </p>
   </div>
   <div class='ocr_carea' id='block_1_4' title="bbox 159 2294 1654 2817">
    <p class='ocr_par' dir='ltr' id='par_1_4' title="bbox 159 2294 1654 2817">
     <span class='ocr_line' id='line_1_31' title="bbox 166 2294 1654 2349; baseline 0 -17"><span class='ocrx_word' id='word_1_293' title='bbox 166 2294 307 2342; x_wconf 85' lang='lat' dir='ltr'>„nilst“</span> <span class='ocrx_word' id='word_1_294' title='bbox 352 2297 596 2345; x_wconf 86' lang='lat' dir='ltr'>pronuntiat.</span> <span class='ocrx_word' id='word_1_295' title='bbox 658 2297 877 2346; x_wconf 85' lang='lat' dir='ltr'>Wagnerus</span> <span class='ocrx_word' id='word_1_296' title='bbox 914 2312 1070 2336; x_wconf 87' lang='lat' dir='ltr'>versum</span> <span class='ocrx_word' id='word_1_297' title='bbox 1101 2312 1173 2348; x_wconf 85' lang='lat' dir='ltr'>pro</span> <span class='ocrx_word' id='word_1_298' title='bbox 1205 2300 1339 2349; x_wconf 86' lang='lat' dir='ltr'>spurio</span> <span class='ocrx_word' id='word_1_299' title='bbox 1373 2298 1539 2344; x_wconf 78' lang='lat' dir='ltr'>delevit3</span> <span class='ocrx_word' id='word_1_300' title='bbox 1585 2296 1654 2333; x_wconf 88' lang='lat' dir='ltr'>sed</span> 
     </span>
     <span class='ocr_line' id='line_1_32' title="bbox 161 2365 1652 2416; baseline 0 -15"><span class='ocrx_word' id='word_1_301' title='bbox 161 2368 245 2401; x_wconf 90' lang='lat' dir='ltr'>tum</span> <span class='ocrx_word' id='word_1_302' title='bbox 277 2365 412 2402; x_wconf 88' lang='lat' dir='ltr'>Weisii</span> <span class='ocrx_word' id='word_1_303' title='bbox 444 2365 620 2415; x_wconf 84' lang='lat' dir='ltr'>exemplo</span> <span class='ocrx_word' id='word_1_304' title='bbox 658 2368 880 2415; x_wconf 86' lang='lat' dir='ltr'>proximum</span> <span class='ocrx_word' id='word_1_305' title='bbox 919 2380 1074 2416; x_wconf 84' lang='lat' dir='ltr'>quoque</span> <span class='ocrx_word' id='word_1_306' title='bbox 1112 2367 1297 2404; x_wconf 83' lang='lat' dir='ltr'>damnare</span> <span class='ocrx_word' id='word_1_307' title='bbox 1329 2366 1516 2412; x_wconf 74' lang='lat' dir='ltr'>debebat3</span> <span class='ocrx_word' id='word_1_308' title='bbox 1564 2379 1652 2402; x_wconf 87' lang='lat' dir='ltr'>nam</span> 
     </span>
     <span class='ocr_line' id='line_1_33' title="bbox 159 2429 1652 2486; baseline 0 -16"><span class='ocrx_word' id='word_1_309' title='bbox 159 2429 229 2471; x_wconf 77' lang='lat' dir='ltr'>Ita</span> <span class='ocrx_word' id='word_1_310' title='bbox 258 2446 336 2471; x_wconf 89' lang='lat' dir='ltr'>non</span> <span class='ocrx_word' id='word_1_311' title='bbox 367 2433 496 2482; x_wconf 79' lang='lat' dir='ltr'>habet,</span> <span class='ocrx_word' id='word_1_312' title='bbox 531 2448 606 2486; x_wconf 92' lang='lat' dir='ltr'>quo</span> <span class='ocrx_word' id='word_1_313' title='bbox 637 2435 843 2473; x_wconf 86' lang='lat' dir='ltr'>referatur.</span> <span class='ocrx_word' id='word_1_314' title='bbox 890 2435 1082 2474; x_wconf 82' lang='lat' dir='ltr'>Abeundo</span> <span class='ocrx_word' id='word_1_315' title='bbox 1115 2437 1218 2474; x_wconf 88' lang='lat' dir='ltr'>enim</span> <span class='ocrx_word' id='word_1_316' title='bbox 1250 2450 1289 2473; x_wconf 86' lang='lat' dir='ltr'>se</span> <span class='ocrx_word' id='word_1_317' title='bbox 1315 2436 1546 2472; x_wconf 88' lang='lat' dir='ltr'>frustratum</span> <span class='ocrx_word' id='word_1_318' title='bbox 1570 2447 1652 2471; x_wconf 89' lang='lat' dir='ltr'>esse</span> 
     </span>
     <span class='ocr_line' id='line_1_34' title="bbox 162 2500 1654 2553; baseline -0.001 -14"><span class='ocrx_word' id='word_1_319' title='bbox 162 2502 268 2549; x_wconf 88' lang='lat' dir='ltr'>dicit,</span> <span class='ocrx_word' id='word_1_320' title='bbox 301 2515 397 2552; x_wconf 89' lang='lat' dir='ltr'>quos</span> <span class='ocrx_word' id='word_1_321' title='bbox 429 2516 498 2553; x_wconf 90' lang='lat' dir='ltr'>spe</span> <span class='ocrx_word' id='word_1_322' title='bbox 529 2503 724 2541; x_wconf 89' lang='lat' dir='ltr'>vendendi</span> <span class='ocrx_word' id='word_1_323' title='bbox 756 2503 999 2542; x_wconf 80' lang='lat' dir='ltr'>delectasset.</span> <span class='ocrx_word' id='word_1_324' title='bbox 1076 2501 1209 2543; x_wconf 74' lang='lat' dir='ltr'>Adire</span> <span class='ocrx_word' id='word_1_325' title='bbox 1239 2514 1408 2542; x_wconf 72' lang='lat' dir='ltr'>manum</span> <span class='ocrx_word' id='word_1_326' title='bbox 1439 2500 1564 2541; x_wconf 73' lang='lat' dir='ltr'>alicui</span> <span class='ocrx_word' id='word_1_327' title='bbox 1595 2505 1654 2539; x_wconf 87' lang='lat' dir='ltr'>est</span> 
     </span>
     <span class='ocr_line' id='line_1_35' title="bbox 160 2570 1649 2622; baseline -0.001 -15"><span class='ocrx_word' id='word_1_328' title='bbox 160 2583 232 2620; x_wconf 85' lang='lat' dir='ltr'>per</span> <span class='ocrx_word' id='word_1_329' title='bbox 271 2570 371 2608; x_wconf 90' lang='lat' dir='ltr'>lucri</span> <span class='ocrx_word' id='word_1_330' title='bbox 410 2574 478 2608; x_wconf 84' lang='lat' dir='ltr'>aut</span> <span class='ocrx_word' id='word_1_331' title='bbox 515 2571 650 2619; x_wconf 84' lang='lat' dir='ltr'>gaudii</span> <span class='ocrx_word' id='word_1_332' title='bbox 690 2573 858 2622; x_wconf 88' lang='lat' dir='ltr'>speciem</span> <span class='ocrx_word' id='word_1_333' title='bbox 897 2573 1034 2610; x_wconf 86' lang='lat' dir='ltr'>fallere</span> <span class='ocrx_word' id='word_1_334' title='bbox 1073 2573 1264 2622; x_wconf 86' lang='lat' dir='ltr'>aliquem,</span> <span class='ocrx_word' id='word_1_335' title='bbox 1310 2586 1345 2610; x_wconf 91' lang='lat' dir='ltr'>v.</span> <span class='ocrx_word' id='word_1_336' title='bbox 1387 2571 1514 2609; x_wconf 80' lang='lat' dir='ltr'>Oasin.</span> <span class='ocrx_word' id='word_1_337' title='bbox 1549 2571 1649 2607; x_wconf 86' lang='lat'>865:</span> 
     </span>
     <span class='ocr_line' id='line_1_36' title="bbox 165 2638 1651 2690; baseline 0 -15"><span class='ocrx_word' id='word_1_338' title='bbox 165 2640 292 2686; x_wconf 89' lang='lat' dir='ltr'>„satin</span> <span class='ocrx_word' id='word_1_339' title='bbox 322 2639 454 2690; x_wconf 87' lang='lat' dir='ltr'>lepide</span> <span class='ocrx_word' id='word_1_340' title='bbox 486 2640 595 2678; x_wconf 82' lang='lat' dir='ltr'>adita</span> <span class='ocrx_word' id='word_1_341' title='bbox 625 2644 684 2678; x_wconf 86' lang='lat' dir='ltr'>est</span> <span class='ocrx_word' id='word_1_342' title='bbox 715 2641 825 2679; x_wconf 90' lang='lat' dir='ltr'>uobis</span> <span class='ocrx_word' id='word_1_343' title='bbox 864 2639 1055 2679; x_wconf 76' lang='lat' dir='ltr'>manus?“</span> <span class='ocrx_word' id='word_1_344' title='bbox 1129 2641 1234 2678; x_wconf 86' lang='lat' dir='ltr'>Pers.</span> <span class='ocrx_word' id='word_1_345' title='bbox 1269 2641 1372 2678; x_wconf 84' lang='lat'>794:</span> <span class='ocrx_word' id='word_1_346' title='bbox 1424 2638 1651 2686; x_wconf 80' lang='lat' dir='ltr'>„Quomodo</span> 
     </span>
     <span class='ocr_line' id='line_1_37' title="bbox 162 2707 1651 2757; baseline 0 -14"><span class='ocrx_word' id='word_1_347' title='bbox 162 2707 210 2744; x_wconf 83' lang='lat' dir='ltr'>de</span> <span class='ocrx_word' id='word_1_348' title='bbox 240 2707 359 2745; x_wconf 85' lang='lat' dir='ltr'>Persa</span> <span class='ocrx_word' id='word_1_349' title='bbox 389 2721 526 2746; x_wconf 88' lang='lat' dir='ltr'>manus</span> <span class='ocrx_word' id='word_1_350' title='bbox 558 2708 652 2746; x_wconf 90' lang='lat' dir='ltr'>mihi</span> <span class='ocrx_word' id='word_1_351' title='bbox 684 2710 790 2747; x_wconf 87' lang='lat' dir='ltr'>adita</span> <span class='ocrx_word' id='word_1_352' title='bbox 821 2709 921 2748; x_wconf 88' lang='lat' dir='ltr'>est“.</span> <span class='ocrx_word' id='word_1_353' title='bbox 982 2711 1101 2748; x_wconf 90' lang='lat' dir='ltr'>Poen.</span> <span class='ocrx_word' id='word_1_354' title='bbox 1135 2711 1236 2746; x_wconf 87' lang='lat'>456:</span> <span class='ocrx_word' id='word_1_355' title='bbox 1288 2708 1457 2756; x_wconf 87' lang='lat' dir='ltr'>„Ueneri</span> <span class='ocrx_word' id='word_1_356' title='bbox 1489 2707 1651 2757; x_wconf 82' lang='lat' dir='ltr'>pulchre</span> 
     </span>
     <span class='ocr_line' id='line_1_38' title="bbox 162 2775 1648 2817; baseline 0.001 -5"><span class='ocrx_word' id='word_1_357' title='bbox 162 2775 240 2812; x_wconf 85' lang='lat' dir='ltr'>adii</span> <span class='ocrx_word' id='word_1_358' title='bbox 285 2775 481 2815; x_wconf 82' lang='lat' dir='ltr'>manum“.</span> <span class='ocrx_word' id='word_1_359' title='bbox 540 2777 595 2815; x_wconf 86' lang='lat' dir='ltr'>ibi</span> <span class='ocrx_word' id='word_1_360' title='bbox 636 2779 729 2816; x_wconf 88' lang='lat'>461.</span> <span class='ocrx_word' id='word_1_361' title='bbox 790 2779 902 2817; x_wconf 87' lang='lat' dir='ltr'>Unde</span> <span class='ocrx_word' id='word_1_362' title='bbox 933 2779 1134 2816; x_wconf 82' lang='lat' dir='ltr'>Bentleius</span> <span class='ocrx_word' id='word_1_363' title='bbox 1174 2779 1214 2814; x_wconf 91' lang='lat' dir='ltr'>in</span> <span class='ocrx_word' id='word_1_364' title='bbox 1253 2777 1339 2814; x_wconf 84' lang='lat' dir='ltr'>Ter.</span> <span class='ocrx_word' id='word_1_365' title='bbox 1384 2776 1524 2813; x_wconf 82' lang='lat' dir='ltr'>Heaut.</span> <span class='ocrx_word' id='word_1_366' title='bbox 1570 2777 1648 2814; x_wconf 88' lang='lat'>818</span> 
     </span>
    </p>
   </div>
  </div>
 </body>
</html>
