1897 3171
826 190 1022 224 Aulularia.
1584 196 1664 234 275

179 322 248 356 est.
295 319 387 365 Quae
419 320 518 356 enim
552 319 669 367 vulgo
695 318 906 368 Panegyris
934 319 1169 369 appellatur,
1202 321 1241 356 in
1272 321 1387 357 titulo
1419 325 1546 357 autem
1581 321 1662 358 cod.

177 387 209 423 A
242 387 474 424 Philumena
513 387 674 433 dicitur,
722 400 767 423 ea
805 388 922 424 etiam
952 384 993 424 in
1023 387 1057 423 A
1089 401 1123 424 V.
1159 389 1238 425 248
1271 392 1309 425 et
1341 390 1414 425 331
1451 389 1664 438 Panegyris

177 458 254 502 est,
300 458 364 502 ut,
411 456 442 492 si
472 455 571 492 illud
601 468 735 492 verum
774 459 851 502 est,
898 456 973 491 iam
1016 458 1105 492 ante
1142 455 1435 505 palimpsestum
1476 459 1662 507 scriptum

177 523 386 561 arbitraria
425 523 728 572 interpolatione
767 523 826 559 illi
863 536 998 560 versus
1041 524 1215 573 corrupti
1255 525 1344 561 sint.
1420 524 1493 570 Qui
1533 529 1662 562 autem

175 591 229 629 ibi
252 591 509 641 Panegyridis
539 604 683 629 nomen
713 593 885 628 retinere
917 591 1024 637 velit,
1056 592 1089 628 is
1114 592 1154 627 in
1178 591 1381 629 Aulularia
1412 597 1540 630 tamen
1572 607 1661 631 con-

175 659 289 697 cedat
318 673 474 697 necesse
506 663 564 696 es't
594 660 756 696 alterius
788 661 890 696 servi
921 672 1063 696 nomen
1095 659 1194 696 mala
1224 662 1503 698 retractatione
1536 666 1661 698 muta-

173 732 254 764 tum
288 741 384 765 esse.
445 728 690 765 Intellexisse
720 728 794 765 hoc
824 728 981 764 videtur
1011 730 1195 777 princeps
1227 727 1365 773 editor,
1401 730 1467 777 qui
1499 729 1661 778 Lyconi-

174 796 232 833 dis
264 809 417 833 servum
451 795 695 846 Strophilum
728 796 839 841 dixit,
873 809 1109 845 quamquam
1141 809 1162 832 a
1192 809 1228 834 V.
1263 797 1340 833 600
1375 796 1539 844 demum,
1572 811 1658 843 non,

172 869 216 901 ut
248 865 474 913 oportebat,
521 878 543 901 a
574 878 609 902 v.
645 866 736 902 579.
811 863 955 900 Verum
987 877 1127 900 nomen
1167 864 1417 913 quaerendum
1461 871 1537 912 est,
1585 879 1660 902 non

173 933 358 969 similium
388 933 609 970 litterarum
642 933 785 979 solum,
826 932 895 969 sed
934 934 1052 969 etiam
1091 932 1262 969 eiusdem
1295 946 1505 979 mensurae3
1552 933 1659 971 Stro-

171 1000 300 1051 philus
331 1005 480 1047 autem,
521 1003 553 1038 si
591 1014 774 1049 umquam
805 1014 945 1037 nomen
975 1001 1067 1040 fuit.
1108 1001 1372 1049 paenultimam
1405 1001 1562 1038 brevem
1593 1002 1659 1038 ha-

170 1069 300 1106 buerit
331 1081 486 1106 necesse
525 1078 602 1113 est,
645 1082 762 1117 quum
795 1068 990 1106 Strobilus
1030 1069 1187 1116 longam
1228 1068 1391 1113 habeat3
1437 1071 1476 1105 in
1509 1069 1658 1107 Strom-

170 1137 297 1183 bicho,
329 1138 369 1174 in
395 1136 563 1185 Crobylo
595 1136 772 1186 aliisque,
807 1150 892 1186 quae
924 1137 1017 1174 mihi
1048 1139 1088 1174 in
1119 1140 1289 1173 mentem
1321 1142 1522 1183 venerunt,
1556 1138 1657 1174 idem

169 1205 440 1255 impedimenti
471 1209 541 1242 est.

707 1524 1048 1567 Argumentum
1078 1523 1114 1560 1.

285 1633 317 1668 1.
381 1622 450 1663 uix
481 1622 562 1662 sibe?
593 1622 778 1671 credens,
817 1629 897 1661 tam
929 1627 1110 1674 suspicax
1142 1631 1212 1663 est.
1246 1647 1300 1650 —
1341 1628 1376 1665 2.
1438 1626 1535 1663 Post
1568 1636 1657 1663 cum

165 1694 308 1731 hiatus.
364 1692 508 1730 Versus
539 1706 677 1743 parum
704 1693 873 1740 elegans,
907 1692 986 1739 sed,
1018 1697 1060 1730 ut
1087 1695 1141 1730 ait
1165 1694 1305 1731 Luchs.
1333 1696 1371 1731 in
1397 1693 1653 1731 Studemundi

165 1761 276 1799 Stud.
308 1761 344 1806 I,
386 1775 425 1811 p.
460 1762 530 1807 24,
571 1762 635 1797 vix
674 1774 804 1811 operae
835 1762 1006 1811 pretium
1040 1766 1098 1799 est
1128 1762 1230 1799 hunc
1261 1766 1501 1812 poetastrum
1536 1764 1652 1798 corri-

164 1843 268 1879 gere.
297 1849 349 1855 -—
376 1830 411 1867 6.
444 1839 598 1867 suasus
630 1828 775 1866 dicitur
805 1833 850 1866 ut
887 1830 1076 1875 ..iussus‘ss
1109 1844 1196 1867 nam
1230 1830 1317 1868 huic
1351 1843 1503 1879 quoque
1537 1830 1654 1866 verbo

165 1899 428 1935 accusativum
462 1897 670 1934 accedente
701 1896 895 1934 infinitivo
927 1897 1136 1945 addebant,
1169 1912 1204 1936 v.
1239 1899 1394 1936 Terent.
1429 1898 1520 1936 Hec.
1550 1899 1652 1936 481:

168 1965 303 2012 „Nunc
334 1979 393 2002 me
424 1967 552 2015 pietas
584 1968 723 2003 matris
747 1967 881 2015 potius
905 1966 1151 2003 commodum
1176 1967 1315 2004 suadet
1340 1964 1489 2015 sequi“.
1538 1966 1651 2015 Vei-g.

164 2034 254 2071 AEn.
271 2033 359 2081 XII,
388 2034 480 2072 814.
514 2034 631 2084 Apul.
660 2034 756 2071 Met.
783 2033 826 2080 V,
857 2035 919 2071 ll.
938 2053 993 2057 —
1021 2035 1056 2072 8.
1089 2045 1224 2080 senas,
1258 2049 1292 2072 v.
1319 2035 1475 2084 Proleg.
1502 2048 1539 2084 p.
1560 2036 1651 2072 202.

687 2228 1029 2271 Argumentum
1059 2229 1124 2270 ΙΙ,

741 2319 1077 2358 acrostichon.

278 2421 311 2457 1.
358 2419 454 2457 Post
484 2419 682 2467 repertam
714 2421 754 2457 in
786 2433 934 2458 caesura
965 2426 1005 2458 et
1035 2425 1128 2472 post
1155 2418 1320 2469 plenam
1350 2420 1492 2457 hiatus.
1530 2439 1575 2444 ——
1613 2422 1648 2457 5.

160 2483 406 2537 [alben-sque
434 2487 483 2525 ut
509 2483 652 2535 faciat,
685 2488 711 2525 i.
737 2501 768 2526 e.
795 2491 840 2525 ut
864 2487 1002 2526 Euclio
1034 2489 1204 2526 libenter
1235 2488 1309 2525 sibi
1338 2487 1457 2524 filiam
1488 2501 1647 2524 uxorem

160 2554 238 2592 det.
269 2575 326 2580 —
365 2556 400 2593 6.
443 2551 651 2593 abstrudit
689 2556 780 2593 olim
821 2557 1084 2594 emendatum.
1116 2577 1171 2583 —-
1211 2556 1287 2593 Pro
1319 2559 1504 2604 corrupto
1534 2552 1649 2602 fore-5²

160 2623 219 2660 ed.
251 2636 310 2673 pr.
342 2621 471 2672 fori33
504 2623 668 2661 Bothius
704 2622 875 2672 „foras“,
908 2628 953 2662 ut
982 2639 1018 2662 v.
1055 2627 1146 2663 569.
1208 2623 1400 2673 Equidem
1432 2622 1645 2660 faciliorem

158 2691 317 2740 praetuli
347 2691 675 2739 emendationem,
709 2695 801 2742 quia
832 2695 972 2730 ceteris
1003 2692 1183 2730 omnibus
1214 2692 1308 2728 locis
1334 2691 1513 2728 morandi
1538 2692 1646 2727 notio

159 2762 325 2806 tenetur,
357 2763 402 2797 ut
427 2760 519 2797 665.
555 2760 646 2797 671.
682 2762 783 2798 699;
820 2758 950 2807 ‚,ubi“.
979 2762 1070 2798 655.
1100 2761 1200 2797 609:
1239 2756 1362 2804 „hiof‘
1397 2757 1644 2795 Rud.1185:

1312 2833 1373 2866 18*
