1897 3171
151 193 222 238 ΠΙ,
235 195 279 229 87
292 193 412 238 -IV‚
429 196 459 239 1,
477 196 517 229 12
807 193 992 229 Curculio.
1558 193 1638 234 245

825 319 962 374 Lyco

149 392 386 447 Argentum
416 392 616 446 accipias,
649 407 745 435 eum
776 392 850 434 illo
882 391 1033 433 mittas
1062 390 1289 444 uirginem.

750 478 1041 533 Cappadox

152 551 266 603 Quid
296 551 322 604 †
353 551 470 606 quod
500 552 668 594 iuratus
702 551 826 594 sum?

825 623 962 677 Lyco

806 693 917 745 Quid
948 693 993 735 id
1023 692 1159 735 refert
1188 697 1277 745 tua,

151 767 267 809 Dum
298 771 527 822 argentum
558 767 779 821 accipias?

753 853 1044 909 Cappadox

844 926 928 977 Qui
960 930 1107 967 monet
1138 924 1261 980 quasi
1293 923 1486 967 adiuuat.

151 998 401 1054 Sequimini.

766 1069 1025 1112 Curculio

480 1142 609 1193 Leno,
643 1156 750 1184 caue
783 1155 904 1184 mora
934 1142 977 1183 in
1009 1146 1052 1183 te
1086 1141 1141 1183 sit
1173 1140 1291 1182 mihi.
1577 1151 1646 1185 460

739 1424 1057 1469 CHORAGUS.

150 1541 318 1596 Edepol
334 1545 591 1596 nugatorem
606 1541 800 1595 lepidum
815 1539 959 1595 lepide
976 1539 1092 1580 hunc
1108 1542 1313 1580 nanctust
1328 1537 1646 1590 Phaedromus3

149 1613 475 1669 Halophantam
506 1628 561 1655 an
595 1612 907 1668 sycophantam
938 1612 1076 1665 magis
1109 1625 1201 1652 esse
1234 1610 1390 1661 dicam,
1421 1610 1582 1653 neseio.

150 1685 423 1737 Ornamenta,
457 1699 566 1739 quae
598 1685 754 1736 locam,
788 1688 944 1735 metuo,
978 1687 1026 1724 ut
1058 1683 1222 1737 possim
1254 1682 1460 1736 recipere.

154 1757 425 1811 Quamquam
468 1771 565 1800 cum
603 1757 713 1799 istoc
755 1756 860 1798 mihi
899 1755 1047 1809 negoti
1078 1755 1185 1796 nihil
1216 1759 1280 1797 est
1309 1778 1366 1782 —
1396 1755 1478 1808 ipsi
1508 1753 1644 1796 Phae-

1107 1826 1255 1869 dromo

153 1901 327 1944 Credidi
349 1925 405 1931 --
429 1906 576 1944 tamen
608 1900 866 1943 adseruabo.
916 1899 999 1942 Sed
1032 1899 1133 1941 dum
1163 1898 1234 1940 hio
1266 1898 1488 1952 egreditur
1517 1897 1645 1951 foras,

154 1973 513 2025 Gonmonstrab0‚
544 1987 631 2028 quo
663 1974 707 2015 in
746 1986 960 2026 quemque
1000 1971 1220 2014 hominem
1252 1970 1380 2013 facile
1411 1971 1644 2013 inueniatis

1103 2044 1210 2094 1000,
1580 2054 1648 2088 466

152 2118 217 2160 Νο
247 2118 379 2159 nimio
412 2128 543 2171 Opere
577 2121 720 2159 sumat
751 2131 941 2171 operam,
973 2118 1009 2158 si
1036 2116 1132 2170 quis
1160 2119 1422 2158 conuentum
1447 2115 1556 2157 uelit

152 2189 234 2232 Uel
264 2190 470 2231 uitiosum
500 2190 570 2232 uel
604 2190 695 2231 sine
727 2190 837 2231 uitio
871 2189 942 2231 uel
973 2188 1158 2243 probum
1188 2187 1259 2229 uel
1290 2186 1533 2242 inprobum.

154 2260 237 2311 Qui
266 2262 489 2316 periurum
521 2263 750 2304 conuenire
782 2261 875 2303 uolt
906 2260 1134 2312 hominem,
1165 2261 1227 2302 ito
1259 2260 1303 2301 in
1335 2259 1576 2311 comitium3

154 2332 237 2383 Qui
266 2333 518 2375 mendacem
550 2340 594 2376 et
623 2334 872 2388 gloriosum,
906 2333 1023 2387 apud
1056 2331 1288 2374 Cloacinae
1320 2345 1505 2373 sacrum.
1580 2342 1648 2375 470

152 2405 267 2447 Ditis
300 2405 531 2448 damnosos
564 2406 742 2448 maritos
773 2405 850 2447 sub
883 2404 1067 2447 basilica
1099 2404 1320 2458 quaerito3

152 2476 321 2519 Ibidem
352 2481 478 2520 erunt
508 2481 653 2520 scorta
684 2477 855 2519 exoleta
886 2477 1047 2531 quique
1081 2475 1285 2530 stipulari
1317 2474 1477 2525 solent3

245 2662 314 2696 460
337 2661 376 2696 in
400 2665 436 2696 te
463 2662 511 2696 sit
533 2672 638 2696 mora
763 2663 831 2697 462
855 2644 1132 2707 Kalophanth
1165 2672 1210 2695 an
1251 2657 1518 2704 sycophantam
1550 2657 1647 2692 huno

121 2753 124 2756 .
154 2719 274 2763 magis
298 2718 370 2752 hoc
397 2721 437 2754 0-0
463 2719 583 2754 dicam
664 2719 730 2754 463
755 2722 879 2753 metuo
904 2719 1005 2753 huad
1028 2718 1169 2763 possim
1252 2716 1319 2749 467
1345 2715 1375 2748 si
1402 2726 1509 2758 quem
1579 2715 1646 2749 469

156 2775 264 2811 mibto
334 2778 398 2810 471
427 2776 650 2821 dampnosos
