1854 3188
71 204 117 247 ΙΙ,
134 206 166 248 1,
182 204 317 238 33-50
725 204 922 239 Aulularia.
1513 210 1561 248 13

75 330 159 372 Sed
189 329 256 371 his
287 328 466 382 legibus,
500 342 628 382 quam
661 329 763 370 dare
793 331 870 381 uis,
903 329 1077 371 ducam:

73 401 192 451 Quae
225 415 318 442 cras
349 402 507 450 ueniat,
539 401 741 455 perendie
771 402 888 443 foras
918 402 1095 453 feratur,
1127 417 1267 454 soror3

74 475 153 515 His
183 473 352 526 legibus
384 473 488 514 cedo
518 474 694 527 nuptias
727 474 906 516 adorna.
1499 486 1564 519 150

691 568 949 610 Eunomia

72 639 213 689 Quam
243 653 445 681 maxuma
475 654 653 693 possum
683 639 775 691 tibi,
808 639 955 691 frater,
988 640 1090 681 dare
1122 640 1244 692 dote3

73 712 157 754 Sed
188 715 253 753 est
284 711 488 765 grandior
517 716 635 763 natu,
668 711 855 753 mediast
884 711 1074 753 mulieris
1107 716 1241 753 aetas.

72 784 181 826 Eam
213 784 249 825 si
278 783 414 835 iubes,
445 782 592 834 frater,
624 783 704 824 tibi
734 798 800 825 me
831 797 1026 838 poscere,
1059 797 1247 837 poscam.

665 878 984 931 Megadorus

72 951 185 992 Num
215 964 301 992 non
330 951 397 992 uis
429 964 495 992 me
525 951 796 1004 interrogare
827 951 902 991 te?

689 1045 948 1087 Eunomia

954 1116 1102 1168 Immo7
1134 1118 1168 1157 si
1199 1116 1300 1169 quid
1329 1117 1410 1169 uis,
1442 1131 1561 1171 roga.

657 1204 973 1257 Megadorus

72 1278 176 1320 Post
198 1277 386 1318 mediam
410 1281 599 1318 aetatem
625 1277 698 1329 qui
722 1275 865 1316 media
889 1275 1009 1316 ducit
1035 1289 1212 1317 uxorem
1240 1276 1425 1328 domum,
1499 1288 1562 1321 155

75 1350 119 1392 Si
150 1364 245 1391 eam
277 1363 407 1390 senex
438 1362 567 1389 anum
598 1352 907 1402 praegnantem
937 1346 1120 1388 fortuitu
1150 1347 1314 1399 fecerit,

73 1422 188 1472 Quid
220 1422 407 1472 dubitas,
439 1421 542 1473 quin
575 1421 632 1461 sit
662 1424 863 1474 paratum
895 1433 1050 1460 nomen
1082 1434 1216 1473 puero
1248 1420 1507 1462 Postumus?

72 1494 197 1536 Nune
228 1507 306 1547 ego
338 1494 479 1543 istum,
513 1506 648 1544 soror,
678 1492 872 1533 laborem
904 1491 1073 1532 demam
1106 1496 1148 1532 et
1179 1491 1425 1534 deminuam
1456 1492 1550 1535 tibi.

72 1568 162 1621 Ego
194 1567 357 1608 uirtute
390 1565 518 1606 deum
550 1569 592 1606 et-
622 1565 834 1605 maiorum
863 1568 1057 1604 nostrum
1090 1563 1212 1604 diues
1247 1578 1340 1605 sum
1371 1565 1490 1606 satis.

73 1640 188 1681 Istas
219 1651 398 1692 magnas
430 1637 652 1688 factiones,
685 1637 863 1686 animos,
897 1635 1019 1676 dotes
1054 1635 1243 1688 dapsilis,
1501 1648 1565 1682 160

75 1710 309 1761 Clamores,
340 1710 521 1763 inperia,
555 1708 738 1750 eburata
768 1706 949 1757 uelucla,
982 1706 1134 1759 pallas,
1167 1721 1405 1761 purpuram

73 1782 192 1824 Nihil
222 1796 385 1833 moror,
418 1795 529 1835 quae
561 1782 606 1822 in
637 1781 890 1822 seruit-utem
920 1779 1164 1832 sumptibus
1196 1779 1401 1833 redigunt
1431 1781 1565 1822 uiros.

690 1866 950 1908 Eunomia

76 1942 154 1983 Dio
185 1941 302 1992 mihi,
336 1953 510 1994 quaeso⁷
543 1940 638 1992 quis
671 1953 721 1980 ea
751 1943 831 1989 est,
865 1952 993 1991 quam
1026 1938 1091 1978 uis
1125 1938 1281 1979 ducere
1312 1938 1524 1979 uxorem?

659 2034 980 2086 Megadorus

1359 2104 1566 2157 Eloquar.

76 2181 280 2224 Nouistin
310 2180 423 2221 hune
455 2192 599 2220 senem
630 2178 883 2219 Euclionem
914 2191 965 2218 ex
990 2190 1198 2230 proxumo
1225 2176 1566 2230 pauperculum?

696 2261 731 2302 E
743 2275 771 2302 u
782 2276 810 2301 n
821 2275 844 2302 o
855 2260 920 2301 mi
932 2274 957 2301 a

77 2336 203 2387 Noui,
233 2334 450 2376 hominem
480 2333 598 2375 haud
628 2332 788 2374 malum
820 2336 1047 2373 mecastor.

666 2415 984 2469 Megadorus

1014 2487 1118 2527 Eius
1150 2486 1277 2540 cupio
1308 2486 1440 2527 filiam
1505 2497 1569 2531 165

171 2676 236 2708 148
260 2674 427 2718 iun—qitzar
451 2684 528 2708 eum
553 2673 779 2708 antecedenti.
895 2674 959 2706 150
982 2671 1125 2716 legibus
1153 2681 1261 2714 quam
1288 2669 1372 2702 dare
1397 2669 1451 2702 uis
1479 2668 1568 2702 cedo

83 2732 146 2765 157
171 2731 258 2775 quid
284 2730 431 2765 dubibas
458 2730 547 2775 quid
573 2730 622 2764 sib
689 2731 751 2764 159
776 2732 987 2764 nostrorum
1048 2729 1114 2762 162
1138 2727 1177 2761 in
1204 2726 1425 2761 semitutum
1452 2737 1570 2770 sump-

81 2787 179 2822 tibus
204 2787 427 2832 rediguntur
