1854 3188
206 222 285 262 182
881 218 1002 252 Plauti
1389 215 1456 261 111,
1470 219 1500 257 4,
1519 218 1696 252 101-115

733 343 1164 398 Aristophontes

202 417 299 459 Non
338 415 439 468 fuit,
485 430 624 470 neque
674 430 750 469 ego
799 416 911 458 istuc
959 428 1114 456 nornen
1153 427 1358 468 umquam
1405 413 1554 456 audiui
1595 419 1695 457 ante

1153 485 1268 527 hunc
1298 486 1425 527 diem.

204 559 440 601 Philocrati
471 559 844 601 Theodoromedes
876 558 959 600 fuit
990 562 1127 611 pater.

813 630 1090 684 Tyndarus

1191 700 1325 742 Pereo
1356 701 1504 755 probe.

207 774 320 824 Quin
352 775 568 828 quiescis?
602 777 615 815 εἴ
646 775 893 823 dierectum,
927 787 999 814 cor
1030 787 1183 823 meum,
1217 786 1268 813 ac
1301 773 1511 826 suspende
1542 777 1607 825 te3
1632 784 1699 818 630

205 845 269 888 Tu
301 846 538 898 subsultas,
572 861 649 900 ego
681 848 810 888 miser
840 847 913 887 uix
944 845 1068 886 adsto
1101 858 1205 898 prae
1235 843 1475 886 formidine.

867 917 1031 970 Hegio

207 989 329 1031 Satin
360 991 470 1032 istu'c
502 989 607 1031 mihi
638 990 942 1043 exquisitumst
972 988 1105 1030 fuisse
1135 988 1253 1029 hunc
1286 1002 1456 1030 seruom
1487 988 1531 1029 in
1561 988 1697 1040 Alide⁷

204 1061 357 1116 Neque
391 1076 483 1104 esse
516 1061 630 1103 hunc
660 1061 982 1103 Philocratem?

740 1132 1168 1186 Aristophontes

507 1206 612 1247 Tam
645 1206 766 1257 satis,
801 1219 928 1258 quam
961 1217 1196 1257 numquam
1226 1203 1307 1245 hoc
1337 1203 1532 1245 inuenies
1563 1217 1696 1245 secus.

207 1276 293 1319 Sed
325 1278 400 1319 ubi
431 1278 468 1320 is
500 1292 613 1319 nunc
645 1277 742 1319 est‘?

872 1348 1040 1402 Hegio

524 1421 609 1463 Ubi
642 1435 720 1475 ego
752 1421 939 1462 minume
972 1424 1101 1475 atque
1132 1421 1252 1474 ipsus
1286 1433 1330 1461 se
1362 1420 1453 1460 uolt
1486 1433 1697 1462 maxume.

208 1493 334 1547 [Tum
364 1494 493 1548 igitur
526 1507 603 1547 ego
636 1497 926 1539 aerumnatus„
962 1492 1217 1534 deartuatus
1250 1506 1343 1533 sum
1373 1492 1503 1533 miser
1633 1502 1700 1536 635

206 1566 345 1607 Huius
365 1566 536 1607 scelesti
561 1565 741 1617 technis⁷
774 1566 847 1620 qui
871 1579 951 1615 me,
984 1569 1032 1606 ut
1061 1564 1302 1615 lubitumst,
1331 1563 1530 1605 ductauit
1554 1562 1698 1616 dolis]

206 1637 291 1679 Sed
321 1638 421 1679 uide
454 1638 525 1679 sis.

746 1708 1172 1762 Aristophontes

592 1781 701 1832 Quin
735 1781 1009 1834 exploratum
1041 1780 1135 1821 dico
1169 1784 1211 1821 et
1242 1779 1463 1833 prouisum
1495 1778 1578 1819 hoc
1607 1777 1700 1820 tibi.

872 1853 1039 1906 Hegio

211 1924 402 1966 Certon'?

742 1996 1172 2050 Aristophontes

353 2068 465 2118 Quin
496 2069 618 2120 nihil,
650 2070 839 2123 inquam,
871 2069 1065 2109 inuenies
1098 2068 1233 2120 magis
1264 2067 1345 2108 hoc
1378 2071 1496 2108 certo
1529 2065 1701 2107 certius.

209 2140 478 2183 Philocrates
510 2143 594 2183 iam
625 2141 724 2182 inde
755 2154 892 2195 usque
927 2140 1089 2181 amicus
1120 2138 1203 2180 fuit
1234 2138 1337 2179 mihi
1370 2153 1394 2180 a
1423 2151 1556 2192 puero
1584 2151 1703 2191 puer.

871 2211 1041 2266 Hegio

212 2284 297 2328 Sed
329 2299 413 2338 qua
443 2284 601 2327 faciest
632 2289 732 2327 tuus
765 2284 926 2327 sodalis
957 2283 1254 2326 Philocrates?

741 2355 1171 2410 Aristophontes

1314 2427 1466 2467 Dicam
1497 2424 1597 2466 tibi:
1639 2435 1705 2468 640

209 2501 442 2543 Macilento
477 2515 561 2552 ore,
594 2514 700 2542 naso
733 2504 875 2551 acuto,
911 2514 1088 2554 corpore
1121 2499 1230 2550 ale
1263 2499 1399 2540 oculis
1430 2497 1576 2550 nigris,

211 2573 422 2615 Subrufus
455 2573 737 2626 aliquantum7
770 2572 951 2625 crispus,
987 2572 1269 2613 cincinnatus.

300 2743 366 2776 628
392 2742 475 2776 Non
500 2741 571 2776 fuit
596 2741 817 2776 antecedenti
842 2741 962 2775 nea-sue·
985 2741 1247 2784 adimzynntm:
1340 2740 1406 2773 630
1430 2739 1439 2771 i
1468 2748 1534 2772 om,
1639 2737 1704 2770 631

212 2799 393 2833 sussultas
443 2800 508 2833 633
533 2799 785 2843 phicocratem
834 2798 899 2831 636
926 2797 1094 2830 theclinis
1142 2798 1208 2830 633
1233 2796 1303 2839 Qui
1316 2795 1409 2830 nihil
1457 2796 1519 2829 641
1539 2797 1576 2827 et
1592 2793 1706 2828 oculis
