1897 3171
258 172 339 209 470
921 162 1076 205 captiui.

257 312 325 335 ora
356 298 553 334 maritima
583 295 774 344 postulat.
803 315 856 319 —
881 296 926 332 In
953 309 986 333 v.
1011 296 1086 332 160
1120 298 1188 331 aut
1213 298 1304 343 post
1335 291 1432 332 dum
1462 294 1648 332 hiandum
1681 298 1748 332 aut

261 379 384 415 „opus
402 361 483 402 est“
504 364 725 413 legendum.
752 384 808 388 —
844 365 933 402 165.
966 363 1107 401 Facete
1131 363 1330 413 parasitus
1345 361 1564 411 Hegionem
1580 364 1747 413 impera-

257 439 382 472 torem
422 434 613 482 optimum
652 431 841 481 praedicat
880 436 938 480 et,
987 433 1093 482 quod
1130 433 1310 482 privatus
1348 431 1418 478 sit,
1465 431 1653 480 queritur.
1697 451 1744 456 —

263 504 337 540 167
379 516 399 538 a
436 500 788 551 proceleusmatico
836 504 875 538 et
915 500 1118 548 tribrachy
1163 500 1316 549 incipit.
1361 519 1413 524 —
1463 500 1552 537 168.
1598 496 1644 537 in
1681 496 1748 537 his

260 567 415 616 diebus,
449 569 496 606 ef.
529 568 684 606 Trucul.
713 570 812 606 633:
850 571 913 617 „in
946 569 1083 606 diebus
1114 565 1333 618 pauculis“.
1380 567 1521 604 Pseud.
1549 567 1646 605 316:
1684 569 1748 616 „in

258 640 332 677 hoc
362 634 537 675 triduo“.
570 657 626 663 -—
657 634 1003 683 reconciliasssesre,
1036 637 1379 674 reconciliaturum
1411 649 1513 682 esse,
1546 649 1581 673 v.
1615 635 1747 674 Madv.

259 707 325 745 Gr.
360 708 434 744 115
468 707 494 743 f.
529 726 582 730 -—
618 707 706 743 169.
742 706 883 743 Hiatur
915 709 953 742 et
985 707 1023 741 in
1056 717 1201 741 caesura
1232 709 1271 741 et
1302 707 1391 741 ante
1421 704 1603 741 ultimum
1635 705 1748 741 creti-

260 789 364 822 cum;
410 774 469 812 Fl.
504 774 589 812 Bu:
642 776 865 823 „captiuom
908 774 1008 810 hunc
1049 773 1337 810 adulescentem
1377 773 1451 809 emi
1481 769 1662 810 Aleum“.
1694 791 1750 798 --

263 845 353 882 170.
387 840 550 881 (linaiis
581 842 677 880 duas
709 844 856 891 primas
887 842 1057 891 syllabas
1089 841 1297 888 contrahit,
1330 855 1365 878 v.
1398 840 1553 890 Proleg.
1585 853 1623 889 p.
1653 841 1747 879 214.

258 934 313 939 —-
350 914 439 950 171.
471 922 534 949 me
564 911 721 949 ‘rumare
752 908 912 959 confido
942 909 1032 960 sore
1064 923 1135 960 pro
1172 908 1349 958 „confido
1381 909 1463 946 fore
1495 912 1539 946 ut
1574 907 1743 946 mutem“

260 983 443 1019 Latinum
477 994 554 1017 non
587 984 665 1025 est,
715 979 812 1028 pote
842 978 1091 1016 scribendum
1125 992 1228 1024 esse,
1261 981 1307 1015 ut
1339 977 1469 1015 Aulul.
1506 979 1606 1024 301,
1647 977 1750 1015 vidit

260 1051 415 1088 Muller.
449 1048 591 1086 Annal.
624 1047 761 1097 philol.
798 1048 915 1094 1866,
948 1061 987 1097 p.
1023 1048 1113 1084 503.

378 1119 468 1155 173.
525 1112 706 1155 [Iocatus
737 1126 779 1154 68
810 1116 926 1153 Both.
962 1135 1008 1139 —
1056 1116 1144 1152 174.
1200 1112 1305 1164 Quia
1335 1112 1436 1152 mist
1463 1110 1618 1153 natalis
1650 1110 1750 1152 dies.

262 1187 415 1233 Luchs,
442 1186 572 1222 Herm.
592 1185 696 1233 VIII,
728 1187 824 1223 106:
861 1185 978 1233 „quia
1002 1184 1052 1221 mi
1078 1184 1139 1220 hic
1163 1183 1324 1220 natalist
1341 1180 1464 1230 dies“,
1490 1183 1556 1220 vix
1579 1195 1749 1219 necesse.

260 1256 439 1294 Natalem
465 1255 579 1301 diem,
612 1254 655 1290 τὰ
670 1255 852 1303 γενέθλια,
884 1266 963 1290 non
981 1253 1107 1290 solum
1125 1251 1332 1299 Romanos,
1366 1251 1434 1289 sed
1459 1252 1576 1289 etiam
1596 1250 1752 1289 Graecos

261 1338 331 1374 pro
362 1324 463 1361 festo
497 1322 724 1369 celebrasse,
758 1322 804 1359 de
837 1335 914 1371 quo
940 1321 1084 1358 iniuria
1110 1320 1342 1357 dubitarunt
1365 1321 1440 1356 viri
1465 1320 1581 1366 docti,
1615 1332 1752 1356 comoe-

262 1393 415 1430 diarum
444 1392 520 1429 loci
552 1391 777 1438 ostendunt,
810 1405 845 1428 v.
869 1389 1009 1427 Pseud.
1039 1390 1129 1427 164.
1177 1389 1285 1426 Pers.
1320 1387 1412 1426 767.
1444 1408 1500 1413 —
1534 1389 1624 1426 175.
1657 1387 1754 1425 Post

262 1458 402 1500 uocari
431 1461 576 1507 hiatur,
604 1459 728 1510 Gepp.
759 1462 966 1506 „uocatum
990 1457 1122 1505 esse“;
1154 1457 1214 1495 Fl.
1232 1457 1296 1495 ΒΓ.
1322 1457 1482 1494 melius:
1520 1455 1594 1503 „ad
1621 1469 1680 1493 me
1704 1455 1753 1493 ad

263 1527 441 1575 cenam“,
470 1542 705 1578 quamquam
725 1527 950 1577 corruptela
968 1527 1051 1564 cod.
1071 1526 1101 1563 B
1119 1526 1191 1563 hoc
1209 1539 1287 1564 non
1303 1524 1451 1572 firmat;
1482 1538 1573 1562 nam
1595 1524 1669 1572 „ad
1684 1522 1748 1562 te“

262 1599 361 1635 nihil
387 1598 491 1635 aliud
510 1601 570 1634 est
588 1610 702 1646 quam
726 1597 798 1643 „ad
816 1593 882 1633 ce“
904 1595 1002 1632 male
1030 1595 1186 1632 lectum.
1212 1614 1266 1619 -α
1294 1595 1384 1631 176.
1418 1589 1566 1632 Facete
1590 1590 1751 1642 dictum,

262 1667 397 1704 laudat
430 1670 474 1703 ut
513 1667 595 1715 ipse
635 1665 789 1702 laudari
828 1664 999 1702 volebat.
1040 1683 1095 1688 —
1143 1659 1388 1702 Pauxz'llum
1427 1662 1641 1701 contentus
1682 1659 1754 1709 (sic

264 1740 352 1773 cett.
381 1735 527 1781 codd).
578 1734 754 1771 Lambin.
779 1731 1003 1782 „pauxillo“
1033 1732 1276 1770 emendabat.
1324 1731 1502 1769 Lindem.
1521 1730 1751 1780 respondet:

268 1805 395 1849 ..Male
438 1809 473 1840 et
516 1817 561 1839 ex
603 1804 947 1851 interpretatione.
1014 1801 1235 1838 Pauxillum
1276 1804 1485 1839 contentus
1526 1814 1605 1838 non
1635 1800 1753 1850 signi-

264 1872 354 1910 fieat
376 1885 498 1922 parvo
531 1874 750 1917 contentus,
784 1870 852 1907 sed
883 1871 1132 1919 aliquatenus
1165 1868 1410 1917 contentus“,
1443 1872 1483 1906 et
1511 1869 1572 1906 his
1603 1868 1755 1906 accedit

265 1942 369 1978 Brix.
432 1941 553 1977 Immo
587 1941 692 1977 illam
726 1940 957 1976 sententiam
990 1939 1098 1976 locus
1130 1940 1350 1976 necessario
1382 1937 1579 1987 postulat,
1620 1950 1691 1974 nec
1722 1937 1754 1974 si

266 2010 510 2047 accusativus
541 2009 660 2045 semel
691 2009 842 2058 positus
874 2011 997 2054 esset,
1038 2007 1085 2044 ab
1119 2006 1363 2044 emendando
1397 2006 1652 2052 abstinerem,
1686 2005 1755 2042 sed

265 2082 418 2115 cautum
459 2077 589 2113 reddit
628 2077 761 2114 eadem
800 2077 924 2113 forma
964 2077 1143 2126 proximo
1184 2088 1301 2112 versu
1338 2075 1521 2125 repetita.
1582 2073 1638 2111 Ac
1668 2073 1755 2111 fieri

264 2150 408 2197 potest,
442 2149 485 2182 ut
515 2147 677 2194 antiqua
706 2146 843 2193 lingua
874 2145 1008 2182 eadem
1040 2145 1078 2181 vi
1110 2144 1375 2181 accusativum
1405 2144 1592 2193 posuerit,
1626 2142 1673 2180 cf.
1706 2141 1755 2179 ad

265 2215 406 2265 Amph.
444 2215 537 2260 712,
571 2213 619 2251 ad
645 2214 753 2251 Asin.
784 2215 873 2260 148,
909 2213 957 2250 ad
983 2213 1135 2251 Curcul.
1165 2213 1255 2250 136.
1311 2212 1461 2249 Eadem
1495 2211 1755 2248 Fleckeisenii

266 2284 463 2320 sententia
493 2283 579 2329 fuit,
612 2283 680 2331 qui
704 2281 842 2319 Philol.
870 2281 918 2328 II,
951 2295 988 2331 p.
1017 2283 1067 2319 96
1096 2295 1152 2331 sq.
1185 2281 1287 2319 hunc
1317 2282 1442 2318 locum
1475 2281 1622 2329 optime
1653 2282 1754 2316 trac-

265 2353 378 2389 tavit.
412 2372 467 2376 —-
511 2352 602 2389 177.
652 2347 720 2388 Ne
744 2347 1057 2399 perpauxillum
1087 2348 1226 2397 modo,
1266 2351 1291 2387 i.
1325 2363 1357 2387 e.
1391 2348 1504 2386 modo
1534 2361 1582 2385 ne
1612 2361 1665 2398 p.‚
1707 2347 1754 2385 cf.

265 2421 354 2458 Ter.
385 2420 458 2457 Ad.
494 2421 595 2457 835:
633 2418 714 2467 „Ne
745 2420 908 2456 nimium
938 2419 1054 2456 modo
1087 2416 1187 2456 etc.“
1251 2418 1379 2456 Tibul.
1411 2418 1459 2464 II,
1495 2418 1530 2463 3,
1565 2418 1635 2454 67:
1682 2428 1755 2462 „ne

266 2490 345 2526 sint
375 2489 490 2525 modo
523 2501 612 2525 rure
641 2484 823 2537 puellae“.
894 2487 1046 2525 Omisso
1082 2486 1242 2534 ‚,modo“
1279 2487 1336 2524 Pl.
1364 2486 1472 2523 Pers.
1499 2485 1598 2522 447:
1650 2484 1755 2532 „Iam

266 2558 355 2594 faxo
387 2557 449 2594 hic
482 2553 651 2594 aderit“.
711 2555 789 2594 TO.
835 2556 912 2602 „At
941 2569 990 2593 ne
1020 2553 1266 2605 propalam“.
1309 2574 1363 2580 —
1405 2555 1495 2591 179.
1542 2550 1633 2603 Aye
1663 2553 1755 2589 olim

266 2629 371 2663 recte
404 2625 673 2672 emendatum3
720 2628 848 2662 cetera
886 2624 973 2661 edd.
1013 2637 1136 2674 prava
1174 2636 1434 2674 personarum
1465 2621 1754 2667 distributione,

266 2694 445 2743 plerique
478 2695 595 2730 etiam
627 2697 830 2742 assumpta
859 2692 1029 2730 Acidalii
1067 2692 1342 2730 emendatione
1377 2690 1527 2739 „Emin⁷
1559 2686 1660 2727 tu“?
1700 2691 1756 2727 ita

269 2766 550 2811 corruperunt,
593 2766 635 2799 ut
673 2762 851 2811 intellegi
888 2774 965 2799 non
1004 2765 1176 2811 possent.
1246 2760 1426 2810 Exempli
1466 2772 1582 2796 causa
1612 2758 1754 2796 Linde-
