1854 3188
222 192 298 229 174
900 189 1020 223 Plauti
1430 189 1497 232 III,
1512 192 1542 233 3,
1558 192 1577 223 5
1587 194 1670 234 —4‚
1687 193 1709 226 8

219 312 272 365 [N
279 327 325 354 ec
352 313 587 354 mendaciis
614 313 807 355 subdolis
834 314 935 355 mihi
960 328 1142 366 usquam
1166 315 1464 357 mantellumst
1479 316 1616 369 meis,]
1643 329 1708 362 515

217 383 306 424 Nec
339 384 637 438 sycophantiis
669 399 748 426 nec
779 385 890 427 fucis
921 386 1054 427 ullum
1087 386 1339 427 mantellum
1371 386 1597 429 obuiamst.

216 455 367 509 Neque
400 456 650 510 deprecatio
682 456 875 510 perfidiis
907 458 1010 499 meis
1042 471 1121 498 nec
1151 457 1393 499 malefactis
1424 458 1580 512 sugast,

217 527 305 568 Nec
334 527 621 570 Confidentiae
645 543 827 583 usquam
850 528 1131 582 hospitiumst-
1154 543 1233 570 nec
1251 529 1559 571 diuorticulum
1577 531 1709 583 dolis;

216 598 279 653 Op
291 606 384 641 erta
417 615 526 654 quae
558 601 689 651 fuere,
722 604 875 655 aperta
908 605 1019 651 sunt⁷
1050 605 1204 654 patent
1233 602 1509 655 praestigiae.

218 670 386 723 [Omnis
416 687 484 713 res
515 673 659 727 palam
692 677 770 724 est,
802 686 943 725 neque
976 672 1027 713 de
1058 672 1139 713 hac
1170 687 1216 714 re
1246 674 1467 726 negotium
1499 679 1575 725 est,
1644 687 1711 719 520

218 742 329 792 Quin
354 744 466 786 male
492 744 685 786 occidam
710 748 999 799 oppetamque
1026 749 1189 797 pestem
1206 744 1298 786 heri
1314 745 1450 786 uicem
1470 759 1707 800 meamque.

215 815 412 857 Perdidit
443 831 508 858 me
541 817 870 870 Aristophontes
904 816 988 865 hic,
1022 817 1093 868 qui
1124 817 1245 858 uenit
1275 817 1402 858 modo
1434 817 1568 869 intr03

215 887 256 927 Is
288 903 354 929 me
385 890 522 932 nouit.
555 889 591 930 is
624 888 786 930 sodalis
818 888 1055 929 Philocrati
1088 894 1130 930 et
1162 894 1371 942 cognatus
1405 889 1500 942 est.]

216 960 365 1014 Neque
396 962 483 1001 iam
516 960 641 1002 Salus
675 974 860 1006 seruare,
901 961 936 1002 si
966 961 1073 1011 uolt.
1105 974 1171 1001 me
1202 966 1359 1015 potest.
1390 975 1469 1002 nec
1502 962 1680 1015 copiast,

216 1032 309 1074 Nisi
342 1033 377 1073 si
409 1033 600 1087 aliquam
632 1032 759 1074 corde
790 1031 1014 1074 machinor
1045 1033 1266 1074 astutiam.
1645 1046 1712 1080 525

217 1104 309 1154 Qua
341 1105 501 1146 malum
542 1104 644 1157 quid
675 1104 907 1145 machiner.
971 1103 1083 1153 Quid
1116 1105 1444 1146 comminiscar?
1496 1105 1710 1148 Maximas

216 1176 381 1229 Nugas!
443 1177 634 1230 Ineptias
665 1177 894 1229 incipiss03
926 1176 1099 1229 haereo]

409 1385 598 1427 HEGIO.
659 1384 975 1426 TYNDARUS.
1036 1384 1515 1427 ARISTOPHONTES.

882 1502 1047 1556 Hegio

219 1574 311 1625 Quo
358 1574 479 1616 illum
520 1587 633 1615 nunc
674 1574 890 1615 hominem
928 1575 1195 1628 proripuisse
1236 1573 1350 1616 foras
1394 1589 1437 1616 se
1478 1575 1617 1616 dicam
1657 1589 1710 1617 ex

1170 1645 1380 1687 aedibus?

825 1717 1102 1772 Tyndarus

217 1790 339 1832 Nunc
372 1791 590 1832 enimuero
623 1804 702 1844 ego
734 1790 889 1841 occidi3
924 1794 1027 1831 eunt
1060 1789 1114 1831 ad
1145 1794 1187 1831 te
1219 1790 1380 1841 hostes,
1412 1790 1622 1845 Tyndare.

218 1861 328 1912 Quid
360 1862 545 1916 loquar‘?
578 1862 680 1916 quid
713 1862 974 1903 fabulabor?
1006 1862 1109 1915 quid
1134 1862 1335 1915 negabo?
1367 1867 1442 1903 aut
1469 1862 1573 1915 quid
1599 1862 1707 1904 fate-

1165 1933 1274 1975 bor‘?
1308 1933 1431 1987 [mihi
1641 1946 1710 1979 530

216 2007 298 2048 Res
332 2008 468 2048 omnis
499 2007 542 2047 in
572 2007 738 2048 incerto
771 2007 908 2057 sitast,
942 2005 1045 2059 quid
1074 2005 1205 2047 rebus
1238 2005 1451 2047 confidam
1482 2005 1619 2059 meis]

215 2077 391 2119 [tinam
423 2084 465 2119 te
498 2079 540 2119 di
571 2079 690 2132 prius
722 2078 965 2132 perderent,
999 2092 1128 2132 quam
1158 2078 1328 2132 periisti
1360 2092 1382 2119 e
1414 2079 1558 2132 patria
1588 2083 1677 2129 tua,

214 2150 555 2204 Aristophontes,
587 2152 660 2204 qui
693 2165 744 2192 ex
774 2156 930 2205 parata
960 2164 1006 2191 re
1037 2151 1283 2204 inparatam
1314 2164 1482 2192 omnem
1512 2150 1631 2191 facis.

215 2220 410 2263 Occisast
427 2222 533 2264 haec
549 2237 629 2273 res,
653 2224 736 2264 nisi
760 2223 930 2277 reperio
949 2226 1140 2264 atrocem
1156 2222 1262 2263 mihi
1278 2222 1471 2276 aliquam
1489 2223 1709 2264 astutiam.

881 2310 1050 2362 Hegio

215 2381 415 2434 Sequere.
477 2382 556 2423 Em
586 2382 668 2422 tibi
698 2382 926 2431 hominem,
959 2381 1028 2423 adi
1059 2385 1190 2434 atque
1223 2380 1470 2434 adloquere.

879 2468 1155 2522 Tyndarus

691 2542 796 2590 Quis
827 2540 1002 2582 homost
1032 2554 1098 2581 me
1129 2539 1352 2581 hominum
1384 2540 1610 2581 miserior?
1638 2551 1706 2585 535

304 2711 368 2744 516
394 2709 448 2744 Ne
530 2712 595 2745 522
619 2710 894 2754 Aristophontis
986 2710 1051 2742 527
1075 2708 1248 2752 incipisse
1338 2709 1404 2742 532
1428 2709 1557 2752 peristi
1639 2709 1707 2743 533

212 2767 430 2809 imperatam
1522 2779 1524 2781 '
