1854 3188
195 200 272 239 138
878 194 1001 229 Plauti
1439 191 1483 235 V,
1499 192 1532 236 2,
1546 191 1681 226 48-57

170 321 327 364 Filios
360 325 403 363 et
435 320 638 363 seruom‘?
671 333 727 365 an
759 333 837 374 ego
871 319 1068 373 experior
1099 323 1245 361 tecum
1274 317 1364 360 uim
1394 316 1631 360 maiorem?

772 403 805 444 P
815 401 893 444 hil
907 416 930 444 o
941 418 966 443 x
982 416 1003 444 e
1013 417 1041 443 n
1053 417 1080 444 u
1094 417 1112 443 s

1408 471 1519 514 Abin
1550 470 1680 512 hinc‘?

194 548 292 590 Non
324 547 450 590 homo
482 551 531 590 tu
563 547 736 602 quidem
769 560 834 597 es,
877 546 950 598 qui
980 546 1087 587 istoc
1117 548 1245 598 pacto
1279 548 1369 586 tam
1399 542 1588 597 lepidam
1621 543 1685 584 in-

1141 615 1283 671 lepide
1315 614 1519 670 appelles.

796 688 899 730 Bac
913 688 1025 729 chis
1056 688 1103 729 A.

199 762 337 806 Senex
361 767 548 817 optume,
581 765 834 816 quantumst
857 762 899 802 in
924 764 1055 813 terra,
1087 760 1177 801 sine
1201 758 1284 801 hoc
1302 758 1520 800 exorarier
1536 756 1612 799 abs
1630 762 1685 808 te,

197 835 256 878 Ut
281 836 392 878 istuc
418 835 625 877 delictum
647 833 836 887 'desistas
863 837 986 874 tanto
1015 846 1143 886 opere
1167 832 1229 873 ire
1255 834 1566 885 oppugnatum.
1603 840 1689 874 1170

796 927 961 969 Nicob
973 927 1093 968 ulus

196 1003 252 1044 Ni
285 1003 430 1053 abeas,
463 1014 725 1056 quamquam
756 1004 804 1041 tu
836 999 951 1040 bella
983 1013 1040 1040 es.

198 1074 363 1116 Malum
393 1074 475 1116 tibi
505 1087 709 1126 magnum
741 1071 854 1113 dabo
886 1072 983 1112 iam.

792 1165 1020 1208 Bacchis
1052 1166 1099 1207 A.

1044 1237 1215 1289 Patiar3

198 1312 294 1354 Non
326 1317 484 1361 metuo³
516 1325 569 1354 ne
603 1310 707 1365 quicl
738 1310 842 1351 mihi
876 1310 1034 1360 doleat,
1068 1308 1182 1362 quod
1213 1307 1354 1350 ferias.

800 1405 839 1446 N
850 1405 896 1446 ic
910 1420 932 1447 ο
943 1404 970 1447 b
981 1404 1031 1446 ul
1044 1419 1071 1446 u
1082 1418 1100 1446 s

1256 1474 1314 1516 Ut
1343 1471 1690 1526 blancliloquast!

793 1548 1018 1590 Bacchis
1050 1548 1096 1589 A.

202 1625 253 1666 Ei
284 1623 401 1675 mihi,
433 1625 591 1665 metuo.

800 1692 1023 1735 Bacchis
1057 1691 1096 1733 S.

677 1763 758 1806 Hic
788 1765 924 1817 magis
954 1762 1250 1819 tranquillust.

794 1858 1024 1901 Bacchis
1055 1858 1103 1899 A.

206 1934 225 1974 I
256 1933 338 1976 hac
370 1947 537 1975 mecum
568 1932 705 1983 intro,
738 1935 869 1985 atque
901 1931 971 1979 ibi.
1005 1931 1041 1972 si
1070 1929 1173 1982 quid
1205 1929 1284 1979 uis,
1315 1926 1450 1969 filium
1483 1925 1696 1968 concasti-

1156 2004 1268 2054 gato.
1610 2007 1697 2041 1175

804 2084 1105 2127 Nicobulus
1178 2089 1182 2092 ’

206 2160 318 2202 Abin
350 2174 375 2201 a
405 2174 485 2212 me,
518 2158 689 2201 scelus?

798 2243 1024 2285 Bacchis
1056 2244 1104 2285 A.

659 2317 772 2368 Sine,
805 2330 901 2358 mea
933 2317 1087 2369 pietas,
1119 2319 1161 2356 te
1193 2326 1375 2356 exorem.

808 2403 972 2445 Nicob
989 2403 1106 2444 ulus

1333 2472 1496 2514 Exores
1527 2475 1575 2512 tu
1606 2470 1700 2511 me?

304 2607 390 2641 1167
413 2605 531 2640 Filios
601 2630 607 2637 .
635 2614 704 2648 ego
730 2604 991 2638 continuantem·
1018 2601 1246 2637 antecedenti.
1353 2600 1471 2634 maior
1499 2597 1527 2632 C
1619 2597 1704 2631 1168

211 2667 252 2698 tu
278 2673 341 2698 orm.
371 2663 402 2698 G
495 2662 579 2696 1169
605 2663 763 2705 quantus
790 2663 846 2694 est
871 2660 1049 2693 inteream
1077 2658 1104 2693 C
1209 2667 1359 2692 exorare
1468 2656 1554 2689 1170
1577 2657 1701 2688 tanto-

211 2731 298 2764 pere
325 2719 353 2755 O
435 2720 519 2754 1171
545 2718 627 2754 Nisi
655 2717 683 2752 C
765 2717 851 2751 1174
875 2716 949 2750 BA.
980 2725 1045 2750 om.
1135 2715 1221 2749 1175
1245 2714 1318 2749 ΒΑ.
1345 2724 1408 2749 om.
1499 2711 1515 2745 I
1540 2711 1551 2744 i
1576 2710 1643 2745 hac¹
1669 2709 1705 2744 B

209 2777 422 2821 {gastigato
450 2775 478 2811 C
