1854 3188
738 206 922 242 Praefatio·
1480 211 1576 248 XIII

199 337 253 375 At
281 338 321 375 in
351 337 464 375 hiatu
494 336 740 374 admittendo
771 337 931 373 nimiam
962 335 1103 372 Plauto
1134 337 1314 373 iniuriam
1347 337 1433 374 ieci.
1490 335 1574 385 Ego

88 423 182 448 vero
213 422 261 447 ne
291 409 508 460 Vergilium
539 408 696 458 quidem
729 408 776 445 ab
808 407 919 445 hiatu
950 407 1185 445 abstinuisse
1215 408 1352 455 video;
1393 408 1575 446 Plautum

87 482 211 519 multo
243 482 384 532 saepius
416 481 559 528 hiasse,
593 480 770 518 Ciceroni
802 479 929 517 credo.
999 479 1218 527 Legitimos
1258 481 1363 530 apud
1393 481 1575 518 Plautum

88 553 217 591 hiatus
248 566 331 591 esse
361 553 476 591 video
508 554 548 590 in
580 565 727 590 caesura
757 553 1002 589 senariorum
1033 554 1072 588 et
1101 553 1142 588 in
1174 552 1326 589 diaeresi
1357 553 1576 602 septenari-

89 638 200 662 orum
231 628 271 663 et
307 625 612 663 octonariorum.
673 624 768 662 Post
807 623 1077 672 monosyllaba
1114 624 1277 661 concedi
1317 623 1469 661 hiatum
1509 638 1576 674 ap-

88 700 224 747 paret,
270 710 342 735 nec
378 698 506 735 minus
545 700 635 734 ante
674 709 756 734 voc.
790 710 826 746 q.
860 709 891 733 e.
930 694 1107 742 „homo“‚
1148 709 1184 734 v.
1217 696 1371 743 Proleg.
1410 709 1448 745 p.
1483 697 1575 733 221.

87 769 188 806 Num
220 769 324 807 idem
355 772 445 807 ante
476 769 553 806 alia
582 768 772 806 vocabula
804 768 851 805 ab
883 767 908 804 h
938 769 1167 818 incipientia
1197 767 1344 805 factum
1377 769 1444 814 sit,
1485 780 1574 805 num

87 844 176 891 post
204 840 355 879 finitam
387 841 634 888 sententiam,
675 853 766 877 num
804 840 844 877 in
874 840 1046 877 transitu
1078 840 1128 877 ad
1159 840 1324 877 alt-eram
1355 852 1575 890 personam,

88 927 179 950 num
209 917 299 963 post
328 912 520 962 bisyllaba
542 912 716 950 iambicae
743 926 934 950 mensurae
961 915 1156 961 correpta,
1190 912 1265 949 alia
1288 912 1410 949 multa
1436 913 1576 960 ignoro

88 999 171 1032 nec,
203 984 354 1036 legibus
384 984 555 1022 nondum
588 985 769 1029 inventis,
803 996 965 1033 prorsus
997 996 1142 1032 negare
1173 984 1311 1022 audeo.
1372 983 1417 1021 In
1441 984 1577 1021 multis

90 1057 281 1095 eiusmodi
319 1058 415 1095 locis
452 1056 601 1094 hiatum
639 1056 890 1093 librariorum
922 1057 1048 1093 errori
1078 1055 1214 1093 deberi
1246 1056 1361 1093 facile
1393 1056 1508 1093 credo
1541 1060 1579 1093 et

89 1131 172 1179 ipse
216 1142 294 1167 uno
339 1133 379 1167 et
423 1130 547 1166 altero
593 1129 699 1175 loco,
753 1128 820 1165 ubi
858 1141 920 1165 res
960 1129 1105 1165 certior
1150 1128 1381 1175 videbatur,
1427 1128 1576 1165 hiatum

90 1197 298 1249 sustuli*)‚
345 1201 413 1238 sed
450 1201 684 1251 plerumque
722 1200 867 1250 reliqui
906 1201 1080 1246 veritus,
1127 1214 1174 1237 ne
1205 1200 1309 1237 forte
1341 1214 1382 1237 re
1415 1201 1579 1237 minoris

90 1273 278 1310 momenti
309 1272 514 1310 emendata
544 1273 730 1310 maiorem
761 1275 888 1322 poetae
918 1272 958 1309 in
991 1272 1078 1309 aliis
1109 1272 1225 1309 rebus
1262 1273 1447 1309 iniuriam
1478 1273 1576 1310 face-

89 1358 185 1383 rem.
245 1345 383 1396 Itaque
413 1344 481 1381 ubi
512 1358 591 1382 non
621 1357 742 1381 unum
772 1344 986 1381 remedium
1018 1344 1266 1394 suppetebat,
1300 1344 1365 1381 sed
1396 1345 1512 1395 plura
1542 1350 1580 1382 et

89 1430 199 1466 aeque
235 1416 342 1455 bona
382 1421 449 1454 aut
489 1417 691 1467 proposita
730 1420 844 1453 erant
883 1419 952 1454 aut
998 1417 1168 1466 proponi
1208 1420 1411 1465 poterant,
1461 1417 1580 1454 malui

89 1489 227 1526 lectori
256 1490 455 1539 optionem
479 1489 584 1536 dare,
617 1491 650 1526 si
676 1488 772 1538 quid
796 1501 943 1535 eorum,
977 1501 1064 1538 quae
1088 1489 1128 1525 in
1153 1490 1431 1526 commentario
1460 1489 1581 1526 allata

93 1563 232 1607 essent,
273 1562 309 1597 ei
338 1561 525 1611 placeret,
566 1574 682 1611 quam
714 1573 799 1610 quae
831 1561 927 1598 mihi
958 1561 1032 1611 ipsi
1062 1562 1211 1597 incerta
1243 1561 1480 1599 videbantur
1510 1574 1581 1612 pro

95 1633 212 1669 certis
243 1632 459 1671 venditare.

207 1704 374 1742 Omnino
412 1705 453 1741 in
493 1708 573 1742 tam
613 1705 775 1742 incertis
814 1704 950 1751 rebus,
998 1706 1038 1741 in
1078 1706 1272 1755 scriptore
1319 1709 1359 1742 et
1397 1705 1472 1743 sibi
1508 1706 1585 1755 ipsi

93 1789 232 1825 parum
257 1777 454 1814 constanti
477 1780 517 1813 et
542 1777 651 1814 cuius
667 1776 788 1813 verba
812 1789 889 1814 non
914 1778 1063 1826 optime
1087 1776 1237 1814 tradita
1261 1779 1402 1825 essent,
1436 1791 1586 1815 summa

97 1849 225 1886 cautio
257 1847 399 1885 editori
430 1848 652 1886 adhibenda
683 1852 778 1895 erat,
812 1862 855 1886 ac
886 1850 918 1885 si
951 1848 1108 1899 quando
1141 1849 1304 1887 liberius
1336 1862 1451 1899 agere
1483 1851 1584 1888 ratio

95 1920 267 1969 cogebat,
301 1924 392 1958 ante
416 1922 548 1958 omnia
576 1920 868 1971 providendum
899 1924 998 1968 erat,
1030 1924 1076 1958 ut
1100 1922 1228 1971 primo
1253 1921 1444 1971 adspectu
1468 1935 1587 1971 appa-

93 1995 217 2040 reret,
272 1992 368 2042 quid
410 1992 544 2031 Plauti
589 2006 671 2031 esse
717 1994 889 2042 antiquis
934 1994 1173 2032 testimoniis
1220 1997 1435 2041 constaret,
1493 1994 1586 2044 quid

96 2065 320 2102 coniectura
362 2067 404 2102 in
448 2068 602 2102 textum
646 2068 849 2115 receptum
896 2068 1012 2103 esset.
1107 2066 1193 2104 Hoc
1243 2067 1283 2103 in
1333 2066 1480 2103 lacunis
1526 2080 1589 2103 ex-

94 2135 248 2186 plendis
278 2137 433 2174 cursiva
460 2137 683 2175 litterarum
718 2138 913 2187 scriptura
943 2137 1131 2175 facillime
1164 2139 1431 2187 assequimur,
1465 2152 1589 2188 eaque

96 2207 144 2245 de
189 2221 307 2246 causa
350 2209 390 2246 in
435 2208 624 2246 addendis
669 2209 832 2247 vocibus
871 2209 1069 2247 interdum
1111 2211 1237 2247 minus
1281 2211 1491 2260 religiosus
1533 2211 1588 2248 fui

97 2293 213 2329 quam
250 2283 291 2318 in
331 2281 554 2328 mutandis,
598 2283 787 2332 quoniam
825 2285 1017 2319 mutatam
1050 2283 1285 2331 scripturam
1317 2295 1402 2320 esse
1433 2286 1587 2320 tantum

96 2353 270 2390 varietas
298 2353 427 2390 textui
457 2353 652 2400 subiecta,
694 2354 871 2391 mutandi
903 2367 1081 2401 causam,
1121 2355 1184 2391 vel
1215 2356 1446 2392 certissimis
1478 2355 1590 2392 testi-

96 2425 238 2462 moniis
268 2425 424 2472 nixam,
466 2427 766 2463 commentarius
796 2425 958 2464 indicat.
1035 2426 1162 2464 Locos
1193 2428 1252 2464 ita
1283 2430 1506 2477 corruptos,
1548 2431 1592 2464 ut

96 2509 145 2533 ne
189 2497 386 2534 sententia
415 2497 588 2547 ‘quidem
634 2501 740 2535 certa
785 2502 1014 2548 appareret,
1064 2512 1177 2536 cruce
1218 2494 1469 2548 signavi**);
1525 2499 1592 2535 ubi

122 2618 156 2663 *)
192 2619 274 2655 Huc
286 2621 459 2665 pertinet,
479 2622 580 2666 quod
596 2623 678 2657 med
696 2625 733 2657 et
754 2622 888 2656 similia
908 2623 1048 2667 scripsi,
1075 2623 1140 2657 ubi
1158 2623 1299 2657 vocalis
1320 2624 1433 2667 longa
1451 2626 1592 2666 manet3

189 2677 253 2711 ubi
277 2678 402 2712 brevis
429 2681 493 2713 aut
518 2681 574 2713 est
600 2681 664 2713 aut
689 2690 768 2713 esse
792 2682 926 2723 potest,
951 2691 1006 2715 me
1030 2680 1172 2724 reliqui.

103 2732 157 2777 **)
194 2733 265 2768 Hic
290 2745 582 2769 commemorare
608 2735 720 2770 liceat
744 2737 1026 2781 Amphitruonis
1050 2737 1198 2781 prologi
1222 2748 1369 2771 versum
1394 2738 1457 2780 72,
1486 2748 1594 2781 quem

191 2802 303 2834 quum
318 2795 532 2836 corruptum
547 2803 625 2827 esse
640 2793 898 2837 ostendissem,
914 2805 1021 2828 cruce
1040 2794 1209 2838 adposita
1222 2793 1355 2837 reliqui
1369 2793 1590 2839 scripturam

465 2941 480 2961 0
