1897 3171
249 188 271 226 3
278 188 329 227 38
887 183 1086 217 Aulularia.

246 326 380 350 seruos
419 315 479 349 est
516 309 800 349 sacerrumus“.
872 310 990 349 Stich.
1026 311 1123 349 538:
1183 310 1417 359 „apologum
1456 323 1571 359 agere
1609 323 1730 347 unum

243 379 378 418 uolo“.
417 399 474 405 —
512 389 535 418 a
565 389 640 427 me,
674 379 802 417 domo.
848 378 986 427 Wagn.
1020 379 1134 415 affert
1159 378 1252 416 Gist.
1281 379 1384 416 485:
1420 377 1550 426 „Haec
1580 377 1734 414 cistella

245 461 429 486 numnam
459 448 548 485 hinc
579 447 626 484 ab
658 447 769 484 nobis
801 447 914 484 domo
947 443 1058 484 est‘?“
1108 446 1192 483 Mil.
1228 446 1319 484 341.
1359 466 1416 471 —
1462 447 1554 484 565.
1600 442 1731 484 madi-

248 514 364 561 dum,
413 516 459 553 cf.
490 515 600 554 Asin.
635 517 726 554 850.
772 535 827 540 -
872 512 910 553 Si
938 512 1056 561 uiuo,
1103 515 1150 552 ci.
1182 514 1320 552 Bacch.
1355 515 1448 551 762.
1517 512 1601 551 Cas.
1638 514 1729 551 116.

245 583 365 622 Most.
389 585 506 621 1050.
552 583 657 621 Men.
678 585 770 621 888.
817 583 903 620 Ter.
922 582 1044 619 Andr.
1064 583 1156 620 866.
1201 581 1302 619 Eun.
1329 584 1422 620 990.
1469 581 1608 619 Heaut.
1637 582 1731 618 918.

245 672 302 678 -
336 653 427 689 566.
461 647 555 689 Tibi
585 649 691 700 quoi,
726 652 910 688 attractio
942 650 1254 696 demonstrativi,
1286 664 1321 688 v.
1356 650 1403 686 ad
1433 649 1574 699 Amph.
1612 650 1733 687 1002.

247 720 363 770 Epid.
394 721 492 757 325:
531 719 655 765 „Quid
686 719 798 755 illum
829 717 955 755 facere
986 719 1058 764 uis,
1093 718 1170 766 qui,
1202 718 1277 754 tibi
1309 719 1400 767 quoi
1432 717 1596 755 diuitiae
1628 717 1733 754 domi

245 801 450 825 maxumae
468 790 569 833 sunt,
601 800 798 824 nummum
824 786 975 824 nullum
1001 784 1172 822 habes?“
1193 805 1248 811 —
1268 787 1358 824 567.
1401 782 1456 825 Ut
1477 795 1540 822 me
1558 782 1739 833 deponat

245 853 369 902 uino,
430 859 497 902 „ut
533 868 594 892 me
633 868 768 892 somno
811 855 923 903 quasi
960 854 1127 904 sepeliat
1167 853 1316 890 ebrium
1360 851 1543 891 factum.“
1593 853 1733 891 Lamb.

244 923 394 961 Nonius
424 936 462 972 p.
498 924 595 960 279:
641 923 862 972 „deponere
893 926 952 959 est
985 919 1181 959 alienare“
1210 922 1247 959 11.
1273 935 1308 960 v.
1338 921 1513 959 afferens.
1569 921 1732 958 Rectius

247 991 479 1037 Gronovius,
511 990 621 1028 Lect.
646 990 774 1027 Plaut.
801 1004 839 1039 p.
870 991 940 1027 56:
985 990 1212 1039 .,Deponere
1237 992 1327 1027 vino
1360 990 1529 1038 aliquem
1562 993 1620 1026 est
1644 989 1738 1025 vino

248 1059 429 1096 obrutum
462 1062 502 1095 et
533 1059 643 1108 quasi
668 1058 890 1108 depositum
916 1071 959 1095 ac
983 1058 1180 1107 sepultum
1205 1057 1389 1104 reddere,
1422 1059 1564 1094 etenim
1588 1057 1736 1093 riortui

248 1127 416 1176 depositi
449 1126 692 1173 dicebantur,
727 1127 772 1163 cf.
798 1126 915 1173 Verg.
941 1126 1027 1171 XII,
1062 1127 1154 1163 395.
1215 1124 1326 1162 Ovid.
1353 1125 1470 1163 Trist.
1494 1125 1563 1172 III,
1599 1126 1634 1171 3,
1668 1126 1736 1162 40.

246 1195 386 1243 Wagn.
421 1195 571 1232 confert
608 1195 702 1231 Aur.
745 1194 844 1231 Vict.
879 1193 961 1231 Vir.
995 1193 1135 1231 illustr.
1169 1195 1240 1230 75:
1302 1192 1456 1242 „Caepio
1500 1206 1586 1230 cum
1624 1193 1739 1229 aliter

246 1264 401 1300 vincere
443 1276 530 1299 eum
568 1276 646 1300 non
684 1266 835 1311 posset,
884 1261 981 1299 duos
1021 1262 1211 1298 satellites
1252 1262 1417 1310 pecunia
1449 1261 1636 1310 corrupit,
1671 1260 1738 1310 qui

246 1330 468 1368 Viriathum
499 1331 590 1367 vino
623 1330 842 1380 depositum
879 1329 1158 1378 perimerent“.
1195 1349 1246 1354 —
1278 1339 1366 1366 eam
1398 1326 1581 1378 adfectat
1609 1326 1739 1375 uiam,

246 1400 270 1436 i.
305 1412 336 1435 e.
368 1395 410 1436 id
444 1399 545 1446 agit,
588 1412 676 1435 nam
709 1397 905 1435 adfectare
936 1399 1040 1434 viam
1073 1401 1133 1435 est
1163 1398 1366 1444 insistere,
1414 1397 1460 1435 cf.
1492 1397 1599 1434 Men.
1634 1397 1737 1433 673:

252 1466 381 1513 ⁴,Quae
422 1466 585 1503 conmisi
622 1470 667 1503 ut
706 1480 765 1502 me
805 1464 1005 1511 defrudes,
1054 1465 1102 1502 ad
1143 1478 1226 1502 eam
1265 1479 1346 1502 rem
1385 1465 1559 1502 adfectas
1590 1461 1737 1502 uiam“.

248 1534 368 1573 Stich.
403 1535 505 1572 483:
541 1534 816 1582 „adfectauero
849 1534 1083 1583 apertiorem
1114 1535 1238 1581 magis
1269 1530 1414 1570 uiam“.
1477 1533 1563 1570 Ter.
1592 1532 1737 1569 Heaut.

253 1604 344 1640 301.
390 1602 659 1640 Phorm.964.
716 1601 791 1639 Cio.
818 1601 931 1638 Rosc.
957 1601 1044 1638 Am.
1074 1602 1139 1648 48,
1176 1602 1266 1639 140.
1300 1621 1354 1626 —
1388 1602 1478 1639 568.
1513 1597 1627 1648 Post,
1660 1601 1685 1637 i.
1705 1613 1738 1638 e.

248 1671 316 1708 ubi
341 1672 492 1721 sopitus
523 1684 602 1717 ero,
636 1670 677 1707 id
708 1674 807 1719 aget,
840 1674 885 1706 ut
910 1666 995 1717 hoo,
1029 1667 1138 1718 Quod
1160 1666 1297 1717 habeo,
1330 1671 1355 1707 i.
1376 1683 1407 1707 e.
1435 1683 1572 1706 aurum
1598 1681 1738 1715 meum,

250 1740 376 1776 locum
409 1738 537 1776 mutet
574 1739 726 1787 alioque
766 1739 928 1786 migret,
976 1735 1134 1775 colonia
1173 1741 1232 1775 est
1272 1738 1374 1774 enim
1411 1738 1480 1775 ubi
1518 1737 1741 1774 habitamus

251 1810 290 1844 et
320 1807 456 1843 incolae
489 1820 632 1853 sumus,
667 1806 743 1843 vid.
769 1806 818 1843 ad
842 1807 950 1843 Asin.
980 1807 1071 1843 296.
1106 1825 1160 1830 ψ-
1202 1808 1294 1844 570.
1327 1815 1491 1854 operam
1516 1804 1554 1843 et
1579 1802 1741 1851 uz'num3

250 1876 328 1911 iam
360 1875 399 1911 in
431 1874 543 1912 codd.
577 1876 714 1912 ceteris
756 1876 809 1911 sic
850 1878 955 1911 recte
994 1873 1114 1910 verba
1152 1877 1401 1924 separantur.
1435 1892 1483 1898 -·
1524 1874 1614 1911 571.
1655 1869 1743 1910 nisi

253 1939 354 1991 quid
382 1952 444 1979 me
477 1939 550 1989 uis,
584 1943 630 1980 cf.
659 1944 825 1980 255.—
848 1943 951 1979 Ante
983 1943 1142 1990 nuptias
1175 1941 1483 1987 sacrificandum,
1518 1944 1605 1978 ante
1631 1953 1742 1978 sacra

252 2013 380 2047 autem
402 2010 614 2047 lavandum
640 2024 734 2056 esse,
769 2011 863 2047 satis
888 2013 1023 2046 notum
1041 2013 1111 2055 est,
1145 2010 1191 2047 cf.
1223 2011 1314 2047 604.
1361 2009 1432 2046 His
1465 2009 1580 2046 dictis
1606 2009 1742 2056 Mega-

253 2078 372 2116 dorus
397 2078 490 2115 abit.
535 2078 713 2124 Versum,
747 2090 823 2126 quo
853 2077 990 2114 Euclio
1022 2079 1057 2114 ei
1087 2077 1334 2124 valedixerit,
1368 2078 1451 2114 sine
1483 2090 1598 2114 causa
1623 2076 1743 2124 Wag-

253 2159 371 2183 nerus
404 2146 652 2183 desideravit.

370 2215 460 2251 573.
495 2210 813 2251 concreditumst
835 2213 927 2249 olim
954 2213 1215 2251 emendatum.
1241 2233 1295 2238 —
1325 2214 1402 2251 574
1421 2226 1477 2262 sq.
1510 2213 1624 2263 sactu
1647 2212 1742 2250 olim

254 2282 514 2320 emendatum.
576 2280 761 2318 Codicum
793 2282 1024 2331 scripturam
1057 2282 1093 2319 te
1123 2281 1254 2318 hiatus
1285 2281 1436 2318 vitandi
1465 2293 1580 2317 causa
1608 2279 1743 2316 Came-

254 2351 380 2387 rarius
425 2351 464 2386 in
508 2346 622 2395 .,ted“
656 2349 842 2395 mutavit,
890 2350 1045 2388 Miiller.
1076 2354 1228 2399 transp.
1272 2354 1336 2397 „te
1376 2346 1468 2395 ut“;
1516 2348 1584 2385 sed
1621 2347 1743 2384 iidem

255 2419 398 2467 aliique
422 2418 462 2454 in
485 2417 664 2466 proximo
688 2429 802 2453 versu
824 2415 973 2462 „Aula“
1000 2418 1186 2464 scribunt,
1221 2417 1331 2455 codd.
1350 2413 1506 2455 Aulam
1523 2416 1627 2465 quod
1646 2415 1742 2452 mihi

256 2486 412 2536 quidem
438 2486 566 2535 aptius
589 2485 758 2531 videtur,
793 2498 906 2534 quam
931 2489 975 2522 ut
992 2485 1053 2523 hic
1071 2486 1198 2524 denuo
1217 2487 1333 2523 ollam
1356 2486 1480 2535 ipsam
1505 2484 1742 2533 alloquatur.

255 2554 395 2603 Itaque
436 2553 568 2590 malim
606 2553 645 2589 in
684 2553 815 2601 priore
846 2566 962 2589 versu
993 2553 1162 2590 scribere
1195 2557 1262 2591 aut
1295 2554 1418 2602 „hanc
1448 2556 1493 2589 ut
1524 2548 1739 2598 auferam“,

257 2626 324 2659 aut
358 2625 426 2668 „ut
456 2633 605 2658 mecum
637 2617 850 2658 auferam“.
926 2617 1065 2668 Fidei,
1104 2622 1332 2671 paenultima
1362 2622 1498 2668 longa,
1538 2623 1582 2657 ut
1617 2617 1740 2666 „rei“.

257 2688 404 2726 Charis,
436 2702 474 2738 p.
503 2691 551 2726 55
578 2689 637 2726 ed.
663 2688 773 2725 Keil:
810 2688 875 2734 „Si
905 2688 1100 2737 producta
1131 2699 1151 2725 e
1180 2689 1312 2726 littera
1342 2688 1503 2726 finiatur
1534 2688 1740 2734 ablativus,

256 2753 271 2793 ἰ’
301 2760 459 2805 accepta
498 2757 615 2793 faciet
645 2757 887 2806 genetivum,
933 2760 978 2793 ut
1015 2756 1062 2793 ab
1101 2756 1172 2793 hac
1204 2756 1266 2793 die
1296 2757 1410 2794 huius
1442 2756 1540 2803 diei,
1588 2756 1636 2793 ab
1668 2755 1742 2792 hac
