1854 3188
195 204 276 244 214
887 203 1007 238 Plauti
1456 201 1489 247 Ι,
1507 205 1537 247 1,
1556 204 1688 238 12—2’7

761 328 827 370 Ple
840 343 860 371 α
876 343 894 370 c
908 330 1114 371 dromus

949 400 992 442 Si
1022 406 1072 443 tu
1103 415 1170 443 me
1201 415 1339 455 roges,

193 471 357 524 Dicam,
388 476 437 514 ut
469 472 593 515 scias.

794 544 1090 586 Palinurus

658 616 703 658 Si
733 615 932 668 rogitem,
967 615 1068 668 quid
1100 617 1398 671 respondeas?

758 703 1125 745 Phaedromus

190 772 285 816 Hoc
315 773 544 829 Aesculapi
575 774 782 816 fanumst.

791 847 822 888 P
834 847 945 888 alin
955 861 980 888 u
991 862 1012 887 r
1022 862 1049 888 u
1062 861 1080 888 s

828 918 931 960 Plus
962 920 1048 960 iam
1080 933 1191 961 anno
1225 920 1325 961 scio.

754 1005 1123 1047 Phaedromus

190 1077 305 1118 Huic
336 1090 593 1131 proxumum
624 1076 730 1118 illud
763 1078 924 1119 ostium
956 1077 1326 1120 occlusissumum.
1644 1090 1686 1123 15

191 1149 340 1201 Salue3
371 1149 603 1191 ualuistine
633 1163 762 1202 usquc
794 1150 1105 1191 oculissumum
1137 1150 1322 1191 ostium?

790 1237 1081 1278 Palinurus

190 1305 396 1349 Caruitne
427 1308 561 1350 febris
593 1313 636 1351 te
667 1309 760 1351 heri
791 1309 861 1350 uel
893 1309 1222 1359 nudiustertius,

186 1374 244 1420 Et
274 1379 368 1421 heri
401 1381 701 1423 cenauistine?

752 1453 1119 1494 Phaedromus

766 1526 1001 1567 Deridesne
1033 1525 1129 1566 me‘?

787 1612 1079 1654 Palinurus

188 1681 302 1733 Quid
333 1687 382 1724 tu
416 1696 531 1737 ergo,
563 1685 725 1736 insane,
757 1685 933 1739 rogitas,
966 1684 1167 1726 ualeatne
1200 1684 1386 1726 ostium?

743 1768 1111 1810 Phaedromus

185 1837 494 1880 Bellissumum
526 1839 670 1882 hercle
702 1841 793 1882 uidi
826 1844 869 1882 et
900 1840 1326 1891 taciturnissumum,
1638 1850 1683 1884 20

183 1908 430 1964 Numquam
460 1910 597 1952 ullum
627 1911 809 1954 uerbum
842 1913 1004 1954 muttit.
1067 1910 1205 1961 Quom
1237 1911 1442 1965 aperitur,
1475 1914 1605 1963 tacet,

188 1980 328 2031 Quom
357 1982 433 2024 illa
464 1988 597 2025 noctu
628 1984 873 2026 clanculum
905 1984 960 2025 ad
992 1997 1058 2024 me
1091 1983 1190 2035 exit,
1222 1988 1352 2024 tacet.

784 2056 1076 2097 Palinurus

183 2124 406 2180 Numquid
437 2130 496 2178 tu,
530 2127 645 2180 quod
675 2131 719 2169 te
752 2132 826 2169 aut
856 2141 1012 2181 genere
1043 2127 1265 2181 indignum
1298 2127 1353 2168 sit
1383 2131 1470 2179 tuo,

184 2197 310 2239 Facis
342 2202 418 2239 aut
448 2199 647 2253 inceptas
679 2199 845 2241 facinus
877 2200 1032 2251 facere,
1065 2198 1363 2241 Phaedrome?

182 2268 298 2311 Num
327 2273 375 2311 tu
406 2270 591 2324 pudicae
623 2272 844 2325 quoipiam
875 2272 1057 2313 insidias
1088 2271 1208 2313 locas
1635 2281 1679 2315 25

183 2340 270 2383 Aut
300 2354 430 2394 quam
460 2343 662 2396 pudicam
695 2357 789 2385 esse
821 2344 1022 2398 oportet?

749 2415 1116 2457 Phaedromus

1068 2488 1252 2539 Nemini,

181 2557 273 2599 Nec
304 2572 370 2600 me
402 2558 474 2600 ille
507 2558 602 2599 sirit
632 2557 841 2612 Iuppiter.

275 2727 317 2760 12
341 2731 374 2761 et
401 2728 441 2761 13
476 2726 657 2762 Palinuro
690 2728 954 2762 continuantur.
1116 2729 1156 2761 16
1194 2728 1370 2761 ualuistin
1396 2727 1530 2762 ostium
1556 2728 1675 2763 occlu-

182 2781 368 2817 sissimum
485 2784 528 2817 27
554 2784 640 2818 sinit
