1854 3188
123 186 188 229 IV,
202 188 236 231 9,
255 188 397 230 17-10,
413 189 435 221 4
772 187 973 221 Aulularia.
1561 192 1616 231 47

705 367 1039 411 LYCONIDES.

128 470 315 521 Quinam
352 470 479 513 homo
517 471 587 513 hic
625 475 724 512 ante
763 471 882 512 aedis
919 476 1093 513 nostras
1133 471 1299 513 eiulans
1339 475 1617 527 conqueritur

1008 544 1231 585 maerens?
1437 575 1440 579 Δ
1548 559 1618 591 720

125 616 268 670 Atque
298 615 368 656 hic
400 614 574 669 quidem
603 614 810 666 Eucliost‚
842 619 891 656 ut
922 616 1086 669 opinor.
1136 614 1306 669 Oppido
1339 630 1415 670 ego
1447 618 1617 670 interii;

1007 687 1197 742 palamst
1227 702 1310 729 res.

126 758 217 801 Scit
246 759 466 813 peperisse
497 758 597 811 iam,
628 762 677 800 ut
709 772 786 811 ego
819 760 981 812 opinor,
1014 759 1149 801 filia-m
1180 774 1313 801 suam.
1360 760 1486 803 Nunc
1511 762 1618 803 mihi

1009 832 1279 883 incertumst,

123 903 288 944 Abeam
319 916 374 943 an
404 916 616 954 maneam,
657 901 810 944 adeam
841 917 895 944 an
926 902 1101 956 fugiam.
1151 904 1263 954 Quid
1295 917 1431 957 agam,
1464 905 1621 959 edepol

1008 990 1166 1018 nescio.

557 1180 782 1240 EUCLIO.
842 1198 1175 1241 LYCONIDES.

774 1312 809 1353 E
820 1327 847 1353 u
861 1327 882 1354 c
894 1313 908 1354 l
920 1314 969 1355 io

125 1383 230 1434 Quis
260 1383 387 1426 homo
418 1383 490 1425 hic
519 1383 744 1439 loquitur?

718 1471 1021 1526 Lyconides

597 1543 689 1597 Ego
722 1557 826 1595 sum,
858 1546 1002 1587 miser.

775 1631 963 1673 Euclio

728 1702 863 1744 Immo
897 1717 974 1756 ego
1011 1718 1118 1755 sum,
1151 1708 1194 1746 et
1226 1705 1381 1747 misere
1412 1706 1621 1760 perditus,

123 1775 237 1826 Quoi
266 1778 392 1817 tanta
421 1774 536 1816 mala
566 1775 919 1828 maestitudoque
952 1776 1120 1829 optigit.

718 1863 1020 1917 Lyconides

1106 1935 1261 1978 Animo
1293 1936 1406 1978 bono
1439 1951 1497 1979 es.
1553 1948 1618 1982 725

776 2007 964 2048 Euclio

127 2077 232 2131 Quo,
265 2079 456 2131 obsecro,
487 2082 616 2133 pacto
648 2092 740 2121 esse
771 2079 977 2132 possum?

722 2165 1022 2220 Lyconides

847 2238 958 2288 Quia
988 2239 1101 2280 istuc
1131 2238 1312 2292 facinus,
1345 2240 1461 2294 quod
1490 2244 1617 2282 tuum

127 2304 344 2351 Sollicitat
373 2310 576 2362 animum,
608 2309 654 2351 id
685 2323 764 2364 ego
795 2308 878 2351 feci
911 2314 953 2351 et
984 2310 1137 2352 fateor.

778 2404 971 2446 Euclio

1047 2476 1159 2526 Quid
1192 2491 1269 2531 ego
1302 2491 1355 2518 ex
1384 2482 1426 2518 te
1458 2478 1619 2519 audio‘.>

215 2660 310 2694 Ante
334 2661 400 2694 *720
424 2661 551 2696 timolus
575 2662 684 2696 abest.
815 2663 880 2695 723
918 2661 1011 2705 Quid
1037 2673 1144 2706 again
1168 2663 1324 2696 habeam
1350 2662 1472 2695 anima
1497 2674 1618 2696 meam

125 2727 173 2750 an
197 2717 328 2751 adeam
437 2717 504 2751 724
535 2717 617 2761 Ego
643 2729 733 2751 sum.
758 2718 896 2753 EUCL.
922 2719 1042 2753 Immo
1069 2730 1138 2762 ego
1165 2731 1244 2753 sum
1268 2718 1380 2751 miser
1404 2717 1454 2751 Et
1477 2718 1613 2753 misere

126 2774 193 2808 ’727
217 2772 403 2819 Quidtego
