1854 3188
132 198 184 237 60
817 195 937 230 Plauti

704 321 1046 363 Pistoclerus

130 391 294 441 Quibus
342 392 559 445 ingenium
611 393 656 433 in
703 393 846 434 animo
893 392 1107 443 utibilest,
1167 391 1382 433 modicum
1430 396 1474 433 et
1521 393 1614 435 sine

1081 463 1341 505 uernilitate.

398 606 575 648 limaces
606 607 702 648 uiri.

129 748 248 799 Quae
281 749 475 792 sodalem
506 755 636 804 atque
668 764 733 791 me
767 750 977 791 exercitos
1008 749 1154 791 habet.

127 892 276 946 Neque
307 892 425 934 haud
456 892 675 934 subditiua
705 892 842 946 gloria
873 893 1077 947 oppidum
1106 892 1305 935 arbitror.
1572 905 1613 939 15

722 1106 948 1149 Bacchis
979 1108 1027 1149 A.

386 1178 460 1219 illa
492 1179 575 1219 mei
606 1179 871 1232 cognominis
902 1179 996 1221 fuit.

387 1321 597 1376 quidquid
629 1326 696 1363 est
725 1335 879 1364 nomen
910 1321 992 1364 sibi
1040 1380 1042 1384 .

708 1537 944 1580 Bacchis
975 1538 1024 1580 A.

127 1607 323 1661 Cupidon
352 1612 395 1650 te
428 1608 601 1650 conficit
632 1623 741 1651 anne
773 1610 920 1652 amor?

127 1804 166 1836 12
192 1803 336 1838 Nonius
357 1815 393 1847 p.
422 1806 515 1838 342:
573 1803 762 1839 Modicum
794 1808 939 1840 ueteres
970 1806 1202 1841 moderatum
1234 1810 1271 1841 et
1296 1817 1379 1841 cum
1402 1807 1513 1841 modo
1539 1807 1612 1841 dici

191 1861 335 1895 uolunt.
372 1860 524 1895 Plautus
549 1862 587 1895 in
612 1861 875 1896 Bacchidibus:
905 1862 1036 1906 quibus
1062 1864 1167 1908 ignes
1193 1863 1231 1897 in
1256 1863 1377 1897 animo
1403 1864 1530 1898 utibile
1557 1867 1612 1899 est

190 1917 376 1952 modicum
403 1923 439 1952 et
465 1919 541 1953 sine
566 1918 789 1953 uernilitate.
822 1918 962 1955 Charis.
982 1930 1022 1962 p.
1048 1921 1122 1954 206
1146 1919 1202 1953 K:
1228 1919 1378 1954 Plautus
1404 1921 1444 1954 in
1461 1921 1613 1955 Bacchi-

192 1974 297 2008 dibus
323 1975 513 2019 ingenium
539 1976 576 2008 in
602 1976 723 2009 animo
749 1976 878 2010 utibile
905 1980 942 2011 et
965 1976 1153 2011 modicum
1180 1980 1245 2011 est.

126 2032 165 2064 13
191 2030 334 2065 Nonius
358 2042 396 2074 Ρ.
430 2034 521 2066 333:
580 2032 721 2066 Limari
753 2060 759 2065 .
782 2059 789 2066 .
812 2060 819 2066 .
841 2059 848 2066 .
879 2033 1030 2067 Plautus
1061 2059 1068 2067 .
1090 2059 1097 2066 .
1122 2062 1127 2067 .
1156 2033 1421 2068 Bacchidibus:
1459 2033 1611 2069 limaces

189 2088 277 2129 uiri3
307 2088 406 2131 quod
432 2088 603 2123 adterant
627 2092 663 2123 et
689 2093 919 2123 consumant.

125 2147 164 2177 14
190 2144 332 2178 Nonius
357 2156 396 2188 p.
423 2148 464 2180 6:
512 2145 726 2180 Exercitum
752 2146 886 2180 dicitur
918 2146 1114 2191 fatigatum
1139 2173 1146 2180 .
1172 2176 1177 2180 .
1206 2176 1211 2180 .
1240 2146 1391 2181 Plautus
1417 2147 1609 2182 Bacchidi-

191 2201 275 2234 bus:
302 2199 389 2243 Quae
417 2208 483 2236 etc.
536 2202 672 2237 Charis.
692 2213 731 2246 p.
757 2204 835 2237 229
860 2202 910 2236 K.

129 2260 169 2291 15
194 2257 366 2292 Donatus
390 2259 439 2293 ad
465 2259 541 2292 Ter.
568 2259 681 2293 Andr.
709 2263 740 2302 1,
765 2262 802 2303 2,
827 2262 875 2294 34
900 2259 1016 2302 (205).

125 2315 162 2347 16
188 2313 333 2348 Servius
356 2315 404 2349 ad
428 2315 520 2350 AEn.
555 2316 611 2349 VI
616 2344 624 2359 ,
659 2318 751 2350 383:
796 2317 932 2360 ,qaadet
962 2318 1170 2361 coynomine
1194 2321 1308 2352 terra:
1356 2316 1525 2351 Nominis
1553 2318 1608 2352 sui

189 2371 437 2406 similitudine.
494 2371 599 2406 Facit
625 2380 748 2406 autem
771 2373 831 2407 hic
858 2377 894 2407 et
917 2373 997 2408 haec
1023 2374 1272 2418 cognominis;
1303 2385 1389 2407 nam
1412 2374 1451 2407 in
1475 2374 1608 2409 Plauto

187 2428 336 2472 lectum,
364 2440 448 2463 cum
474 2440 545 2462 una
565 2429 608 2463 de
623 2429 870 2463 Bacchidibus
893 2430 1049 2464 diceret:
1076 2430 1137 2464 illa
1155 2431 1229 2465 mei
1251 2431 1484 2474 cognominis
1505 2430 1584 2465 fuit.

123 2486 162 2517 17
190 2483 338 2519 Servius
363 2486 412 2519 ad
435 2485 526 2519 izEn.
553 2485 600 2523 X,
627 2487 714 2519 493.-
778 2485 964 2530 Quidquid
989 2499 1056 2531 pro
1085 2487 1342 2531 quodcunque.
1392 2487 1543 2522 Plautus
1569 2488 1607 2522 in

188 2541 452 2576 Bacchidibus:
480 2542 661 2586 quidquid
686 2545 743 2576 est
767 2554 902 2578 nomen
928 2544 1007 2577 sibi.
1057 2580 1059 2582 ,

122 2599 163 2631 16
189 2596 337 2633 Servius
360 2599 411 2633 ad
432 2598 526 2633 AEn.
563 2599 623 2642 VI,
654 2601 742 2633 194:
785 2598 1002 2644 Cupidinem
1028 2604 1174 2634 ueteres
1200 2599 1484 2635 immoderatum
1509 2612 1606 2635 amo-

186 2666 263 2687 rem
289 2654 473 2690 dicebant.
529 2654 700 2690 Afranius
725 2654 894 2690 Neraria:
942 2656 1044 2690 Alius
1077 2663 1132 2691 est
1165 2668 1287 2700 amor,
1330 2657 1420 2690 alius
1448 2657 1603 2701 cupido;

188 2714 314 2744 amant
338 2712 534 2756 sapientes,
561 2714 713 2757 cupiunt
734 2713 857 2747 ceteri.
918 2713 1178 2750 Plautuscum
1200 2713 1441 2747 distinctione
1461 2714 1605 2757 posuit:

189 2766 359 2811 Cupidon
389 2772 425 2803 te
463 2768 613 2803 conficit
645 2781 737 2804 anne
763 2769 912 2803 amor‘?“
954 2770 1054 2813 quod
1089 2769 1332 2814 intelligitur,
1363 2769 1604 2804 uehementer
