1854 3188
204 220 222 257 1
232 219 282 258 52
883 214 1007 249 Plauti
1437 236 1441 240 .
1496 213 1525 257 1,
1540 216 1572 258 2,
1585 216 1700 251 3-34

202 340 343 383 Semel
374 339 569 394 fugiundi
603 341 638 382 si
670 340 816 382 datast
847 341 1030 391 occasio,

201 413 316 455 Satis
349 418 439 464 est3
471 426 704 466 numquam
735 416 835 466 post
865 412 985 453 illam
1016 411 1155 466 possis
1186 410 1410 465 prendere.

819 483 1081 526 Lol-arius

205 556 362 598 Omnes
394 555 588 610 profecto
621 555 749 598 liberi
779 555 1000 597 lubentius

205 627 360 670 Sumus
393 641 523 681 quam
554 629 777 670 seruimus.

869 699 1038 751 Hegio

844 770 941 812 Non
973 770 1124 812 uidere
1155 771 1217 812 ita
1248 776 1296 812 tu
1328 770 1513 825 quidem.
1636 782 1703 816 120

825 842 1082 884 Lorarius

208 915 252 958 Si
285 931 372 959 non
404 922 467 958 est
499 914 614 969 quod
647 914 755 966 dem,
786 928 910 956 mene
942 915 1008 956 uis
1042 914 1140 956 dem
1170 914 1262 968 ipse
1295 915 1339 956 in
1370 914 1529 969 pedes?

868 987 1036 1041 Hegio

203 1059 248 1102 Si
282 1059 465 1111 dederis,
499 1059 581 1101 erit
612 1058 828 1113 extemplo
860 1058 965 1100 mihi
996 1059 1111 1113 quod
1144 1058 1241 1100 dem
1271 1057 1364 1100 tibi.

816 1130 1090 1184 [Lorarius

203 1204 312 1246 Auis
344 1217 411 1245 me
445 1202 563 1245 ferae
596 1202 864 1245 consimilem
894 1202 1065 1254 faciam,
1097 1207 1144 1244 ut
1175 1202 1443 1256 praedixisti.

872 1274 1039 1328 Hegio

205 1347 273 1388 Ita
306 1352 352 1388 ut
387 1346 515 1399 dicis;
548 1361 647 1388 nam
680 1347 715 1388 si
746 1345 870 1398 faxis,
903 1355 945 1389 te
977 1348 1021 1389 in
1054 1360 1232 1388 caueam
1265 1346 1410 1400 dabo.]

203 1419 289 1461 Sed
323 1420 428 1462 satis
460 1419 762 1471 uerborumst-;
795 1433 911 1469 cura,
945 1433 1054 1472 quae
1086 1419 1205 1471 iussi,
1238 1423 1370 1473 atque
1403 1418 1488 1461 abi.
1639 1429 1704 1464 125

201 1491 294 1545 Ego
326 1491 397 1533 ibo
431 1491 486 1533 ad
518 1491 697 1533 fratrem
730 1491 785 1533 ad
817 1492 927 1532 alios
959 1492 1156 1545 captiuos
1188 1505 1329 1543 meos;

202 1563 366 1614 Pisani,
399 1577 452 1605 ne
483 1568 609 1606 nocte
642 1563 723 1605 hac
757 1563 981 1617 quidpiam
1011 1563 1303 1605 turbauerint.

202 1635 307 1677 Inde
341 1649 407 1677 me
441 1637 645 1678 continuo
677 1636 885 1690 recipiam
916 1650 1091 1677 rursum
1125 1635 1311 1678 domum.

814 1707 1098 1761 Ergasilus

202 1781 386 1833 Aegrest
417 1779 521 1821 mihi
553 1779 668 1821 hunc
699 1779 841 1822 facere
874 1784 1104 1833 quaestum
1137 1780 1426 1821 carcerarium

202 1851 388 1906 Propter
420 1852 487 1893 sui
519 1851 638 1905 gnati
669 1852 888 1893 miseriam
919 1852 1125 1894 miserum
1157 1865 1315 1893 senem.
1637 1863 1702 1898 130

207 1922 291 1965 Sed
325 1924 360 1965 si
391 1923 481 1965 ullo
513 1928 642 1977 pacto
674 1924 746 1965 ille
778 1924 864 1965 huc
897 1923 1119 1966 conciliari
1150 1927 1309 1977 potest,

204 1994 284 2036 Uel
316 1994 606 2036 carnificinam
639 1995 751 2037 hunc
781 1995 924 2037 facere
955 2009 1128 2049 possum
1160 1995 1341 2048 perpeti.

868 2066 1035 2121 Hegio

207 2136 311 2186 Quis
343 2138 413 2180 hic
444 2138 663 2191 loquitur?

813 2211 1097 2265 Ergasilus

726 2283 831 2337 Ego,
864 2284 939 2338 qui
968 2288 1042 2326 tuo
1074 2296 1271 2325 maerore
1303 2297 1512 2335 maceror,

203 2354 416 2406 Macesco,
450 2367 709 2396 consenesco
741 2359 785 2397 et
815 2355 991 2398 tabesco
1023 2357 1165 2397 miser.

204 2426 314 2468 Ossa
345 2430 478 2480 atque
510 2425 637 2480 pellis
670 2441 765 2468 sum
796 2428 926 2470 miser
956 2427 1259 2477 macritudine‚
1637 2439 1701 2473 135

203 2498 352 2551 Neque
384 2511 588 2551 umquam
621 2498 859 2552 quidquam
891 2513 957 2541 me
989 2500 1122 2551 iuuat,
1155 2499 1271 2552 quod
1303 2499 1383 2541 edo
1416 2499 1552 2551 domi3

203 2570 328 2612 Foris
360 2569 681 2624 aliquantillum
713 2571 844 2612 etiam
877 2571 993 2623 quod
1024 2576 1150 2624 gusto
1183 2572 1228 2613 id
1260 2572 1371 2614 beat.

298 2741 361 2774 119
386 2738 512 2774 Omnis
601 2741 664 2774 120
686 2739 785 2774 Noui
812 2740 856 2774 de
881 2751 922 2774 re
1002 2742 1065 2775 123
1092 2740 1168 2775 fere
1246 2740 1451 2786 praedicisti
1521 2741 1609 2776 Post
1634 2742 1698 2775 125

203 2797 374 2840 leguntur
399 2808 452 2832 vv.
481 2798 634 2832 102—7.
708 2798 773 2831 127
797 2798 962 2843 quipiam
1043 2799 1105 2832 135
1130 2799 1242 2833 miser
1267 2809 1287 2832 a
