1854 3188
197 180 239 224 V,
257 183 286 224 1,
304 181 434 215 18—33
867 179 1021 224 Captiui.
1610 183 1687 224 201

773 304 1118 347 Philocrates

194 377 372 420 Postulo
403 376 480 420 abs
510 380 566 428 te,
596 381 643 419 ut
674 376 780 419 mihi
809 377 931 419 illum
962 376 1120 419 reddas
1153 391 1336 428 seruom‚
1369 391 1497 431 quem
1524 377 1593 421 hic
1624 392 1690 421 re-

1145 448 1360 502 liqueram

193 520 354 574 Pignus
385 535 462 575 pro
496 535 576 572 me,
608 521 681 574 qui
712 520 818 562 mihi
849 521 1001 562 melior
1032 534 1164 574 quam
1195 520 1279 562 sibi
1310 535 1479 575 semper
1509 520 1603 574 fuit,

194 593 277 635 Pro
308 592 548 635 benefactis
581 593 674 635 eius
705 597 752 635 ut
785 594 820 634 ei
850 594 1037 646 pretium
1069 593 1230 647 possim
1260 592 1456 635 reddere.
1624 605 1691 640 935

859 698 928 740 He
976 700 1022 741 io

196 771 319 823 Quod
353 776 458 813 bene
489 770 643 821 fecisti,
676 771 888 812 referetur
921 713 1065 824 {Latia
1095 771 1141 813 id
1173 770 1288 824 quod
1319 771 1525 825 postulas.

192 844 247 885 Et
278 843 322 885 id
354 847 396 885 et
429 842 561 893 aliud,
595 842 711 896 quod
741 857 806 884 me
839 843 993 890 orabis,
1024 843 1286 897 inpetrabis3
1319 847 1450 898 atque
1482 847 1523 885 te

192 915 339 958 Nolim
371 928 638 966 suscensere,
672 915 787 970 quod
820 928 897 967 ego
929 916 1066 957 iratus
1099 915 1136 956 ei
1169 914 1252 957 feci
1283 915 1408 957 male.

181 1082 184 1085 Ι
772 1026 1116 1068 Philocrates

194 1096 307 1147 Quid
337 1095 513 1139 fecisti?

855 1184 1021 1238 Hegio

588 1256 638 1297 In
667 1256 923 1310 lapicidinas
957 1257 1236 1310 conpeditum
1269 1257 1456 1308 condidi,

193 1327 278 1370 Ubi
308 1328 465 1370 resciui
496 1327 601 1369 mihi
633 1328 737 1371 data
770 1342 865 1370 esse
897 1328 1043 1370 uerba.

770 1433 1114 1476 Philocrates

1094 1506 1184 1548 Uae
1217 1508 1373 1549 misero
1406 1506 1530 1559 mihi3
1621 1519 1688 1553 940

192 1576 377 1631 Propter
406 1591 549 1619 meum
580 1582 711 1632 caput
741 1577 911 1620 labores
943 1577 1105 1620 homini
1138 1579 1333 1620 euenisse
1366 1583 1555 1633 optumo.

851 1684 1018 1738 Hegio

192 1755 248 1795 At
279 1754 334 1798 ob
367 1769 462 1797 eam
492 1769 583 1797 rem
613 1754 719 1797 mihi
749 1755 941 1798 libellam
974 1770 1051 1810 pro
1084 1770 1133 1798 eo
1167 1757 1335 1809 argenti
1364 1769 1417 1798 ne
1450 1755 1566 1809 duis3

193 1826 358 1869 Gratiis
389 1841 413 1869 a
445 1840 524 1878 me,
557 1831 605 1869 ut
638 1828 695 1869 sit
725 1827 848 1879 liber,
883 1828 1042 1870 ducito.

770 1932 1113 1977 Philocrates

1092 2006 1275 2061 Edepol,
1307 2006 1459 2060 Hegio,

191 2075 314 2117 Facis
345 2076 549 2131 benigne3
582 2076 660 2119 sed
692 2091 864 2130 quaeso,
897 2078 1113 2120 hominem
1145 2084 1192 2120 ut
1223 2078 1374 2120 iubeas
1408 2079 1584 2121 arcessi.

855 2184 1020 2237 Hegio

1550 2256 1683 2299 Licet.

191 2324 275 2366 Ubi
308 2325 413 2366 estis
444 2325 550 2367 uos?
581 2326 640 2367 ite
673 2331 880 2375 actutum,
913 2328 1161 2382 Tyndarum
1192 2328 1274 2370 huc
1306 2328 1522 2370 arcessite.
1619 2339 1686 2373 945

191 2395 279 2438 Uos
311 2396 370 2438 ite
403 2397 540 2449 intr0;
572 2398 747 2440 interibi
779 2413 856 2452 ego
891 2414 940 2441 ex
974 2400 1054 2442 hac
1086 2405 1234 2442 statua
1265 2387 1476 2442 uerberea
1507 2400 1606 2442 uolo

190 2467 429 2521 Erogitare,
460 2483 554 2511 meo
587 2470 752 2512 minore
786 2472 891 2525 quid
923 2473 978 2514 sit
1009 2472 1176 2514 factum
1206 2472 1310 2514 filio.

191 2539 278 2580 L'os
308 2540 455 2582 lauate
486 2541 675 2583 interibi.

281 2708 346 2742 935
372 2709 426 2742 uti
449 2709 612 2753 precium
693 2711 760 2745 936
781 2713 931 2755 ponitur
956 2718 1039 2749 ante
1063 2715 1144 2748 934.
1240 2714 1305 2747 937
1331 2712 1530 2756 imperabis
1618 2714 1684 2749 943

190 2764 307 2807 gratis
380 2765 530 2801 adueito
602 2768 667 2800 946
692 2767 791 2802 inter
816 2769 877 2803 ibo
950 2781 1102 2804 uei-uere
1129 2769 1236 2804 auolo
