1897 3171
273 193 353 231 256
954 188 1075 224 Plauti
1517 190 1560 233 V7
1574 191 1607 234 2,
1627 191 1757 224 12-23

886 313 1145 356 Curculio

1511 386 1665 428 Audio.
1692 398 1759 431 610

271 455 317 498 Si
346 457 414 499 uis
445 456 584 499 tribus
616 457 725 499 bolis
756 458 826 499 uel
857 458 901 499 in
933 457 1215 512 chlamydem.

752 543 1274 599 Therapontigonus

1036 616 1147 667 Quin
1177 622 1227 657 tu
1257 617 1293 658 is
1323 617 1368 657 in
1398 616 1556 658 malam
1589 630 1758 658 crucem

269 684 379 728 Cum
409 686 534 737 bolis,
576 701 671 728 cum
701 687 877 729 bulbis?
937 688 1108 729 Reddin
1141 689 1273 729 etiam
1305 694 1531 740 argentum
1563 693 1639 730 aut
1670 689 1756 730 uir-

1220 759 1394 813 ginem‘?

893 841 1144 884 Curculio

269 912 395 963 Quod
425 918 662 968 argentum,
697 927 804 968 quas
834 918 882 955 tu
914 914 1018 955 mihi
1049 915 1182 956 tricas
1215 915 1398 956 narras?
1430 928 1559 968 quam
1590 919 1639 956 tu
1669 915 1757 956 uir-

1220 1000 1361 1040 gmem

266 1055 336 1098 Me
367 1057 593 1110 reposcis?

753 1140 1274 1195 Therapontigonus

638 1211 775 1261 Quam
806 1212 860 1254 ab
893 1213 1046 1254 lenone
1079 1213 1259 1254 abcluxti
1289 1212 1429 1266 hodie,
1462 1213 1601 1256 scelus
1630 1215 1726 1256 uiri.

885 1299 915 1341 C
929 1315 955 1341 u
965 1315 986 1341 r
999 1314 1020 1341 c
1030 1300 1143 1342 ulio

271 1370 446 1412 Nullam
477 1370 650 1412 abduxi.

761 1457 1265 1512 Therapontigonus

643 1528 768 1571 Certe
800 1531 1005 1571 eccistam
1037 1530 1179 1572 uideo.

837 1617 868 1657 P
880 1617 908 1658 h
919 1631 944 1658 a
954 1632 974 1658 e
988 1618 1046 1658 dr
1057 1631 1080 1659 ο
1092 1632 1132 1659 m
1142 1632 1170 1659 u
1182 1632 1200 1659 s

1155 1689 1289 1743 Uirgo
1319 1689 1427 1731 haec
1457 1688 1650 1730 liberast.
1692 1699 1758 1732 615

757 1775 1268 1830 Therapontigonus

266 1846 418 1888 Meane
436 1847 595 1888 ancilla
610 1846 748 1888 libera
763 1852 812 1888 ut
829 1848 895 1899 sit,
929 1862 1056 1901 quam
1083 1861 1160 1901 ego
1187 1860 1427 1901 numquam
1451 1847 1572 1888 emisi
1597 1846 1758 1888 manu?

834 1934 1201 1977 Phaedromus

267 2003 375 2053 Quis
407 2005 486 2047 tibi
518 2006 629 2047 hanc
662 2005 781 2047 dedit
812 2008 1040 2060 mancupio
1068 2012 1144 2048 aut
1168 2006 1282 2048 unde
1309 2005 1483 2048 emisti?
1514 2005 1582 2047 fac
1608 2006 1754 2046 sciam.

758 2092 1268 2147 Therapontigonus

266 2164 357 2218 Ego
389 2163 563 2217 quidem
596 2179 673 2218 pro
705 2165 816 2205 istac
846 2179 938 2206 rem
971 2166 1082 2206 solui
1113 2164 1167 2207 ab
1199 2165 1414 2219 trapezita
1445 2178 1552 2216 meo,

267 2235 405 2286 Quam
429 2250 506 2290 ego
529 2236 759 2290 pecuniam
786 2237 1115 2290 quadruplicem
1139 2237 1218 2279 abs
1242 2242 1284 2279 te
1311 2242 1352 2278 et
1377 2237 1531 2278 lenone
1549 2234 1756 2277 auferam.

831 2323 1198 2366 Phaedromus

266 2393 350 2444 Qui
381 2395 493 2437 scias
524 2394 710 2436 mercari
740 2394 927 2437 surtiuas
959 2400 1088 2450 atque
1120 2397 1328 2450 ingenuas
1359 2395 1563 2449 uirgines,
1691 2404 1759 2438 620

265 2465 450 2508 Ambula
479 2466 524 2507 in
553 2466 630 2508 ius.

754 2538 1271 2593 Therapontigonus

703 2609 799 2652 Non
833 2624 893 2651 ec.

355 2765 419 2798 611
445 2767 487 2798 tu
512 2775 549 2798 es
576 2765 613 2799 in
685 2765 752 2798 612
776 2763 891 2798 holeis
962 2763 1074 2798 redde
