1854 3188
756 196 938 230 Praefatio.
1518 200 1589 237 XV

80 313 260 375 ·„uitae“
311 325 438 376 (capt.
482 321 580 374 879)
628 329 696 362 aut
740 323 879 374 ..quiav‘
922 338 993 374 pro
1041 324 1275 374 „quonianff
1328 324 1455 372 (Cure.
1495 324 1586 371 136)

103 404 171 438 aut
211 397 440 448 „magnam“
483 411 554 447 pro
599 396 852 444 „maximanffl
891 395 1018 444 (Cure.
1054 394 1150 442 -3-34)
1194 402 1260 434 aut
1301 395 1475 446 .‚neque“
1518 410 1590 446 pro

107 469 220 518 „auff‘
258 467 387 519 (Cure.
423 468 519 516 594)
563 472 630 506 aut
671 473 736 515 „et
761 499 767 506 .
789 499 796 505 .
817 500 825 507 .
851 467 912 505 et“
956 481 1026 517 pro
1070 482 1204 517 .,qua..
1226 499 1233 506 .
1254 499 1261 507 .
1290 468 1388 519 (11111ίι
1433 467 1589 515 (Ρ111101.

102 543 289 589 XXXVI,
330 555 368 591 p.
402 537 513 591 284).
589 542 650 578 An
681 554 756 577 non
797 540 953 577 librarii
994 540 1075 577 haeo
1113 544 1338 587 mutarunt,
1387 541 1454 577 sed
1495 542 1592 577 anti-

104 617 241 665 quiore
271 619 446 663 tempore
476 614 720 663 grammatici
752 616 791 650 et
822 611 1062 649 histriones?
1131 612 1212 649 Hos
1244 613 1365 661 igitur
1400 613 1433 648 il
1469 612 1592 649 credi-

105 700 188 724 mus
227 689 443 737 spectasse,
488 688 533 722 ut
564 685 695 722 Plauti
734 698 871 722 versus
914 684 1091 721 consulto
1133 684 1458 734 corrumperent?
1505 698 1593 721 nam

105 758 297 796 eiusmodi
327 742 609 795 mutationibus
641 757 739 794 nihil
771 756 878 793 aliud
909 756 1008 794 effici
1040 757 1185 805 potuit.

216 829 305 867 Non
344 831 470 866 minus
510 843 531 866 a
570 830 691 866 nimia
731 829 940 865 verborum
983 831 1022 865 et
1057 841 1240 865 versuum
1286 829 1593 876 transpositione

107 903 290 940 abstinui.
359 901 482 939 Video
523 902 626 938 enim
666 899 751 938 fieri
791 901 965 950 potuisse
1003 903 1042 936 et
1080 899 1280 936 interdum
1322 900 1467 936 factum
1499 913 1592 945 esse,

105 978 149 1012 ut
178 973 412 1012 vocabulum
444 973 605 1022 aliquod
636 987 658 1009 a
687 973 850 1010 librario
882 973 1187 1022 praetermissum
1212 975 1280 1008 aut
1303 974 1485 1020 proximo
1511 971 1594 1007 1000

107 1049 174 1083 aut
203 1046 336 1096 paullo
367 1048 460 1096 post
488 1048 716 1095 poneretur,
750 1044 864 1081 video
895 1057 1016 1081 unum
1042 1047 1109 1080 aut
1131 1044 1264 1094 plures
1287 1056 1423 1080 versus
1448 1044 1597 1080 incuria

108 1120 271 1155 omissos
301 1117 487 1155 inferiore
518 1118 602 1154 1000
635 1117 854 1165 adscriptos
879 1129 974 1161 esse,
1008 1129 1078 1153 nec
1102 1129 1257 1166 semper
1281 1119 1395 1164 notas
1421 1128 1595 1152 errorem

107 1189 324 1227 indicantes
371 1202 580 1239 apparere;
628 1189 697 1226 sed
742 1202 812 1225 nec
858 1188 1038 1224 omnibus
1084 1188 1177 1224 locis
1226 1187 1362 1224 eadem
1408 1187 1597 1224 facilitate

109 1264 275 1307 erratur,
307 1261 416 1299 velut
445 1262 638 1311 principia
670 1273 851 1297 versuum
883 1263 949 1296 aut
979 1260 1215 1308 paginarum
1240 1260 1367 1296 minus
1391 1258 1598 1308 probabile

108 1337 167 1370 est
197 1333 340 1370 omissa
371 1347 453 1370 esse
485 1347 601 1382 quam
632 1333 852 1382 sequentia,
886 1331 1070 1368 facillime
1102 1336 1231 1368 autem
1262 1332 1302 1368 111
1330 1332 1376 1367 iis
1402 1334 1597 1381 peccatur,

109 1418 194 1456 quae
226 1405 274 1442 ab
306 1404 443 1443 eodem
474 1405 664 1442 vocabulo
697 1408 764 1441 aut
795 1404 934 1441 iisdem
966 1405 1109 1440 litteris
1142 1404 1356 1452 incipiunt;
1387 1417 1458 1440 nec
1490 1406 1601 1440 tanta

107 1477 350 1527 negligentia
373 1477 435 1514 vel
458 1477 591 1526 potius
618 1476 771 1514 insania
796 1477 836 1513 in
862 1475 1121 1513 describendo
1145 1476 1292 1512 versati
1319 1478 1411 1512 sunt
1433 1475 1599 1520 librarii,

111 1553 156 1587 ut
185 1549 308 1587 verba
339 1552 378 1586 et
400 1562 538 1586 versus
565 1549 676 1598 quasi
699 1551 825 1585 sortes
850 1546 1045 1585 insitella
1068 1551 1184 1584 motae
1216 1545 1377 1584 exirent.
1439 1547 1499 1583 An
1525 1560 1602 1583 non

111 1622 231 1659 talem
262 1622 430 1672 speciem
460 1620 656 1670 praebent,
689 1623 733 1657 nt
762 1633 887 1669 pauca
918 1633 937 1656 e
963 1620 1096 1656 multis
1131 1619 1311 1669 exempla
1344 1617 1521 1663 afferam,
1564 1619 1603 1654 111

112 1693 318 1730 Ritsehelii
343 1692 515 1730 editione
534 1693 670 1730 Bacch.
690 1693 896 1738 986—93‚
922 1692 1038 1728 Most..
1058 1692 1264 1737 458—66,
1292 1690 1374 1727 Mil.
1397 1691 1601 1733 637—sss),

111 1765 344 1802 Mercatoris
375 1765 581 1815 prologus,
621 1764 762 1801 Pseud.
792 1763 1006 1809 604--39,
1050 1765 1089 1800 111
1122 1762 1380 1799 Fleckeisenii
1412 1762 1602 1798 Asinarife

114 1833 337 1875 884—-94‘?
369 1835 605 1873 Ritschelius
631 1835 790 1885 quidem
818 1848 944 1872 meam
964 1836 1003 1872 in
1020 1835 1091 1871 hac
1108 1847 1149 1871 re
1166 1835 1396 1883 religionem
1412 1833 1603 1883 puerilem

113 1909 219 1955 dicit,
254 1908 391 1946 Rhein.
422 1907 525 1945 Mus.
556 1907 708 1953 XXXI,
740 1921 778 1958 p.
816 1909 915 1953 5533
958 1920 1028 1956 ego
1061 1906 1156 1944 mibi
1200 1920 1277 1943 non
1316 1919 1469 1955 semper
1509 1907 1604 1942 sutis

113 1981 320 2029 religiosus
343 1980 463 2016 fuisse
487 1978 638 2025 videor,
672 1993 741 2016 nec
764 1980 910 2016 iniuria
941 1978 1103 2016 Gotzius
1136 1979 1176 2015 in
1207 1978 1347 2015 Annal.
1373 1978 1468 2027 phil.
1498 1979 1602 2015 1876

112 2065 151 2102 p.
185 2053 264 2089 362
296 2051 487 2088 Asinariae
522 2051 669 2098 locum,
703 2064 975 2101 quemnuper
1007 2051 1325 2096 commemoravi,
1360 2050 1459 2086 male
1492 2063 1513 2086 a
1544 2062 1603 2085 me

113 2123 336 2161 ordinatum
368 2136 453 2160 esse
485 2123 602 2170 dicit,
636 2137 874 2173 quamquam
907 2123 1011 2172 quod
1042 2136 1102 2160 me
1134 2136 1270 2159 versus
1301 2123 1470 2172 pessime
1501 2123 1605 2158 inter

113 2208 154 2233 se
192 2196 361 2233 iactasse
401 2196 548 2243 arguit,
596 2209 675 2232 non
721 2195 834 2245 plura
874 2196 1103 2245 transposui
1141 2208 1254 2244 quam
1296 2194 1601 2238 Fleckeisenius,

114 2269 221 2304 cuius
253 2268 487 2304 sententiam
517 2267 673 2317 probat,
707 2270 746 2304 et
772 2268 968 2304 rationem
998 2266 1167 2303 reddere
1199 2269 1363 2303 conatus
1395 2279 1492 2311 sum,
1526 2278 1604 2314 quo

113 2338 229 2376 modo
259 2339 361 2376 tales
391 2338 516 2376 turbae
549 2340 645 2377 oriri
670 2339 908 2389 potuissent.
971 2338 1048 2376 Sed
1079 2338 1206 2375 fateor
1238 2351 1311 2384 me,
1344 2351 1464 2387 quum
1494 2337 1604 2374 fabu-

113 2411 192 2448 lam
231 2410 407 2458 ederem,
453 2424 584 2448 veram
626 2410 859 2448 emendandi
898 2411 1001 2447 viam
1041 2410 1213 2447 nondum
1252 2411 1468 2455 invenisse;
1516 2423 1605 2446 nam

115 2483 283 2520 duorum
327 2484 484 2520 omnino
529 2496 710 2520 versuum
755 2483 990 2519 traiectione
1034 2482 1142 2518 locus
1188 2485 1348 2519 sanatur
1386 2495 1456 2517 neo
1496 2481 1604 2518 aliud

115 2557 288 2591 erratum
321 2557 381 2591 est
412 2567 529 2604 quam
559 2557 604 2592 ut
635 2554 750 2591 huius
782 2567 904 2590 scenae
936 2567 1011 2592 vss.
1046 2555 1210 2591 47—49
1244 2567 1313 2590 suo
1354 2553 1440 2590 loco
1471 2553 1605 2589 omissi

115 2629 205 2675 post
227 2626 326 2663 duos
349 2627 548 2676 proximos
571 2639 708 2664 versus
732 2626 1010 2663 scriberentur.
1058 2625 1184 2662 Locus
1216 2626 1271 2662 sic
1303 2624 1476 2662 edendus
1508 2626 1602 2661 erat.

693 2697 1024 2738 Demaenetus

115 2768 269 2819 Edepol
299 2771 469 2806 animam
500 2770 721 2807 suauiorem
752 2769 956 2819 aliquanto
990 2783 1105 2818 quam
1135 2769 1269 2805 uxoris
1302 2780 1424 2804 meae.
