1897 3171
754 178 796 212 V.
821 180 1010 213 691—701.
1545 183 1622 222 351

141 309 236 346 ferri
279 322 358 346 non
394 309 547 358 potuit,
595 320 715 357 quare
747 308 864 344 etiam
894 307 1155 354 Fleckeisen,
1204 308 1297 345 dum
1338 309 1626 347 nominativum

148 375 274 427 „pici“
309 376 552 414 commendat
589 375 705 422 (Ann.
737 375 834 426 phil.
867 374 926 421 CI,
959 389 997 425 p.
1031 372 1127 419 459)
1165 388 1236 424 pro
1270 375 1470 423 „diuitiis“
1511 377 1627 423 „Rhi-

141 443 282 497 paeos⁶⁶
313 444 590 482 substituebat.
653 444 764 491 Quod
796 445 981 493 quoniam
1012 443 1195 481 licentius
1225 443 1310 481 fieri
1340 445 1518 491 videtur,
1551 457 1627 482 non

142 513 290 560 dubito,
338 515 432 562 quin
471 513 681 550 accusativi
720 525 831 550 casus
869 515 921 549 sit
961 509 1072 561 picis
1117 507 1224 560 (nam
1260 512 1414 561 „picos“
1458 513 1627 551 scribere

141 595 220 619 non
251 580 400 626 audeo).
456 581 561 618 Illud
593 583 715 631 quaeri
745 583 888 630 potest,
921 584 1054 617 utrum
1086 580 1339 619 heteroclitos
1362 581 1431 618 illa
1454 583 1626 618 nomina-

141 719 190 756 ad
222 720 485 756 accusativum
515 719 773 768 pertinuerit,
807 731 867 764 an,
901 730 987 766 quae
1020 717 1151 754 Bothii
1178 719 1373 755 sententia
1395 718 1480 764 fuit,
1512 718 1628 755 huius

141 788 308 824 nominis
349 788 592 825 nominativa
629 786 753 824 forma
790 800 868 824 non
904 784 1062 836 „picus“
1098 786 1228 833 fuerit,
1270 786 1339 823 sed
1375 784 1513 836 „pix“;
1563 788 1629 827 Φίξ

143 856 244 892 enim
277 869 298 892 a
329 856 476 893 Boeotis
510 855 725 901 dicebatur,
759 868 844 904 quae
874 855 992 904 vulgo
1018 856 1138 903 Σφίγξ
1168 857 1262 901 erat,
1296 868 1339 891 ac
1368 853 1453 891 fieri
1484 856 1626 902 potest,

140 927 185 961 ut
229 923 362 960 eodem
402 925 556 960 nomine
597 924 748 972 antiqui
784 923 875 960 Itali
914 923 996 960 haec
1035 936 1191 972 quoque
1229 925 1405 960 monstra
1450 919 1625 971 (γρῦπας)

144 992 443 1042 appellaverint.
491 991 676 1029 Ceterum
707 992 860 1040 antiqui
890 991 1054 1028 Romani
1086 992 1203 1027 etiam
1228 992 1346 1028 situm
1372 991 1499 1027 aureis
1521 1003 1629 1027 mon-

141 1060 247 1097 tibus
285 1060 404 1097 alium
448 1059 672 1109 adsignasse
710 1059 914 1105 videntur,
960 1072 1029 1095 nec
1069 1058 1302 1107 Scytharum
1341 1072 1406 1096 eos
1438 1058 1505 1095 sed
1536 1058 1629 1094 Per-

142 1142 272 1166 sarum
310 1128 544 1174 credidisse,
584 1141 619 1165 v.
653 1127 772 1165 Stich.
807 1129 878 1164 29:
931 1127 1090 1175 „Neque
1129 1127 1196 1163 ille
1237 1127 1312 1164 sibi
1351 1130 1500 1164 mereat
1538 1126 1629 1163 Per-

141 1210 269 1234 sarum
314 1198 469 1243 montis,
527 1197 593 1246 qui
631 1209 714 1233 esse
760 1196 869 1233 aurei
913 1193 1223 1245 perhibentur“;
1278 1198 1317 1232 et
1362 1209 1409 1232 ex
1454 1194 1630 1231 Varrone

140 1265 290 1303 Nonius
320 1278 358 1314 p.
395 1265 473 1302 379
506 1263 638 1301 affert:
677 1264 788 1310 „Non
819 1263 981 1300 demunt
1015 1264 1155 1300 animis
1188 1277 1299 1300 curas
1331 1277 1375 1300 ac
1404 1263 1629 1312 relligiones

140 1333 346 1370 Persarum
377 1335 537 1379 montes,
569 1345 648 1370 non
679 1332 815 1370 diuitis
848 1333 950 1368 atria
982 1329 1154 1369 Crassi“.
1180 1352 1235 1357 —
1260 1328 1408 1378 colunt,
1440 1331 1628 1377 incolunt,

143 1401 189 1439 cf.
214 1414 251 1439 V.
278 1402 315 1439 4.
346 1421 403 1427 —
435 1401 529 1438 694.
563 1395 677 1438 Nam
707 1400 756 1438 ad
788 1401 991 1449 sequentia
1021 1400 1202 1447 refertur,
1233 1414 1269 1437 v.
1296 1399 1344 1437 ad
1370 1399 1508 1448 Amph.
1539 1400 1629 1436 104.

143 1470 238 1508 Cum
269 1469 453 1519 Philippo
484 1469 578 1514 solo,
611 1469 873 1506 Macedonum
900 1482 1003 1518 rege,
1038 1469 1146 1506 cuius
1170 1469 1325 1505 nomine
1350 1468 1630 1505 circumferun-

140 1542 207 1576 tur
230 1540 339 1575 aurei
364 1538 523 1584 nummi,
556 1551 595 1575 se
621 1541 833 1587 comparat,
866 1551 957 1574 nam
983 1540 1134 1574 ceteros
1158 1550 1267 1585 reges
1293 1537 1404 1585 quasi
1429 1535 1629 1572 mendicos

139 1619 220 1658 prae
260 1620 299 1643 se
339 1606 503 1656 spernit.
549 1625 605 1630 --
651 1606 743 1643 695.
788 1605 884 1642 Post
921 1602 1015 1643 nolo
1060 1605 1191 1642 hiatus
1230 1607 1271 1642 in
1311 1617 1478 1650 caesura,
1524 1603 1629 1652 quod

139 1675 333 1712 Miillerus
358 1673 451 1711 addi
474 1686 588 1724 posse
611 1675 766 1723 putavit
792 1671 972 1721 „immo“‚
999 1674 1159 1710 minime
1188 1676 1322 1721 aptum
1347 1675 1415 1709 est.
1463 1671 1628 1708 Versum

141 1742 254 1780 affert
268 1742 420 1779 Nonius
436 1755 476 1792 p.
499 1742 589 1788 138,
622 1741 691 1778 sed
721 1742 820 1778 male
846 1745 1025 1779 enarrat:
1064 1740 1397 1787 „mendicabulum
1423 1753 1495 1789 pro
1522 1753 1628 1776 men-

141 1808 384 1856 dicatione“;
418 1809 626 1847 dicendum
659 1813 763 1847 erat:
796 1822 868 1858 pro
900 1810 1102 1856 mendicis,
1134 1812 1180 1846 ut
1210 1809 1373 1845 servitia
1395 1821 1468 1857 pro
1493 1808 1627 1846 servis.

143 1899 192 1904 —
223 1879 315 1916 697.
348 1873 434 1916 abii
465 1877 558 1915 olim
591 1877 852 1915 emendatum.
901 1874 1003 1915 illuc
1033 1881 1076 1914 ut
1106 1890 1178 1927 pro
1210 1876 1437 1926 pyrrhichio
1469 1877 1531 1923 sit,
1564 1877 1629 1912 vix

139 1946 352 1984 verisimile
383 1950 460 1992 est3
492 1945 626 1983 Lamb.
657 1944 775 1992 „illo“
804 1947 979 1996 scripsit,
1012 1945 1127 1983 Both.
1165 1944 1330 1992 „adueni
1360 1942 1494 1991 illuc“,
1529 1941 1629 1981 alius

139 2012 272 2052 ueni“.
317 2034 373 2040 -—
419 2015 511 2052 698.
559 2010 769 2052 conlocant*
806 2012 852 2052 in
892 2010 1090 2052 arborem.
1152 2012 1313 2050 Taubm.
1357 2013 1508 2050 confert
1546 2012 1627 2049 Cat.

139 2083 186 2121 R.
204 2083 250 2120 R.
271 2084 342 2121 88:
380 2082 444 2130 „in
465 2083 620 2132 patinas
643 2083 684 2119 in
709 2082 790 2120 sole
814 2080 994 2132 ponito“⁷
1026 2082 1077 2119 ib.
1099 2082 1169 2118 52:
1209 2082 1272 2128 „in
1303 2080 1481 2117 arborem
1511 2080 1630 2116 relin-

140 2149 299 2201 quito“;
345 2150 485 2198 Wagn.
525 2150 628 2188 Men.
671 2151 772 2187 965:
838 2150 1075 2199 „Postquam
1119 2150 1161 2186 in
1205 2148 1412 2186 tabernam
1456 2161 1550 2185 uasa
1591 2150 1630 2184 et

140 2231 275 2256 seruos
299 2216 542 2256 conlocaui“.
596 2218 702 2256 Trin.
730 2219 831 2256 739:
869 2222 931 2265 „te
956 2219 996 2255 in
1021 2219 1167 2256 crimen
1191 2217 1339 2267 populo
1363 2220 1487 2266 ponat
1513 2219 1629 2264 atque

138 2284 382 2324 infamiam“.
443 2285 544 2324 Rud.
582 2287 706 2323 1237:
750 2287 814 2333 „in
846 2299 909 2324 eas
941 2299 1028 2324 esca
1057 2283 1302 2335 inponitur“.
1334 2304 1390 2309 —
1422 2285 1513 2322 699.
1554 2279 1628 2320 Ιη-

141 2351 289 2404 deque,
337 2354 383 2392 cf.
418 2355 511 2392 671.
573 2351 856 2403 exspectabam
894 2354 989 2391 ferri
1028 2367 1105 2391 non
1144 2356 1296 2403 potest,
1342 2353 1418 2389 nisi
1450 2355 1488 2388 et
1522 2348 1625 2397 „ibi“

139 2422 289 2459 scribas
319 2434 392 2472 pro
420 2420 576 2468 „inde“,
610 2425 649 2459 et
676 2419 817 2468 „dum“
847 2435 933 2459 cum
959 2423 1206 2460 coniunctivo
1233 2420 1433 2469 adiungas.
1481 2418 1628 2455 Guliel-

140 2503 224 2527 mus
269 2490 369 2527 vidit
414 2486 676 2538 aspectabam
722 2490 969 2528 scribendum
1015 2503 1110 2528 esse.
1181 2489 1342 2526 Hiatum
1386 2490 1478 2536 post
1522 2486 1559 2523 h.
1591 2500 1626 2523 v.

141 2570 297 2595 caesurae
337 2571 452 2595 causa
488 2558 601 2595 facile
639 2557 800 2605 ferrem,
846 2559 923 2595 nisi
962 2560 1193 2608 sequeretur
1236 2556 1360 2593 malus
1406 2558 1627 2603 anapaestus

146 2625 237 2672 „ubi
265 2623 459 2664 abstru-“.
506 2626 614 2663 Antt.
634 2626 721 2664 edd.
746 2626 866 2664 verba
895 2627 1235 2676 transposuerunt.
1266 2643 1312 2648 -
1341 2624 1433 2660 700.
1466 2622 1630 2658 Versum

142 2693 254 2730 affert
276 2693 428 2731 Nonius
452 2707 490 2743 p.
511 2695 604 2741 284,
632 2694 701 2731 sed
726 2698 975 2744 corruptum:
1014 2693 1105 2740 „ubi
1128 2692 1195 2728 ille
1219 2691 1312 2737 abit,
1346 2703 1415 2739 ego
1442 2703 1503 2727 me
1529 2689 1627 2727 duco

142 2762 285 2798 serium
309 2761 356 2798 de
380 2759 559 2800 arbore“.
606 2771 668 2799 me
694 2759 796 2800 duco
818 2775 853 2800 v.
873 2762 922 2799 ad
939 2761 1080 2810 Amph.
1104 2760 1222 2797 1058.
1239 2778 1295 2783 ——
1318 2759 1412 2795 701.
1443 2753 1629 2807 Exf0d2'0
