1897 3171
783 193 822 226 V.
851 195 1040 227 321—343.
1572 196 1651 236 309

166 327 237 361 est.
279 321 501 372 principio,
535 337 568 360 V.
595 322 726 360 Madv.
752 322 817 359 Gr.
843 321 929 359 Lat.
964 322 1043 359 276
1076 325 1156 359 not.
1191 324 1226 359 2.
1274 322 1454 360 Ceterum
1487 323 1652 360 alterum

165 391 380 428 membrum
413 391 534 429 deest.
565 411 620 416 -—
654 392 745 428 332.
779 388 882 437 istic,
916 389 1021 440 apud
1036 389 1279 428 Euclionem.
1327 391 1389 428 Sic
1405 405 1478 440 pro
1501 390 1648 437 .‚istuc“

166 460 243 496 iam
280 460 431 496 librarii
476 460 611 510 aliqui.
680 456 748 508 qui
792 473 862 508 pro
913 456 1056 508 ,‚quid“
1102 458 1189 495 edd.
1236 462 1331 496 vett.
1371 479 1425 484 —
1467 462 1559 498 333.
1606 471 1656 497 ne

167 537 331 576 operam
366 525 523 576 perdas
553 537 727 577 poscere
757 528 781 564 i.
815 542 845 565 e.
878 526 1076 576 poscendo
1115 530 1183 564 aut
1220 529 1426 577 poscendi,
1470 530 1515 566 cf.
1549 529 1652 566 Men.

169 597 270 633 241:
322 596 515 646 „Operam
552 599 760 645 praeterea
797 609 1008 644 numquam
1039 609 1187 633 sumam
1220 596 1450 645 quaerere“.
1512 597 1652 634 Pseud.

170 665 296 701 1139:
333 678 518 714 „operam
543 665 603 701 fac
629 663 823 714 conpendi
850 662 1081 713 quaerere“.
1130 663 1236 701 Men.
1262 663 1363 702 230:
1400 664 1519 714 „quid
1551 665 1654 701 modi

166 732 381 770 futurumst
399 731 626 782 quaerere“.
664 732 780 783 Epid.
801 734 899 771 708:
938 745 1093 778 „sumus
1111 732 1251 770 defessi
1269 732 1495 783 quae1·ere“.
1535 733 1653 771 Most.

170 801 296 838 1154:
332 801 416 849 „Tu
446 801 600 850 quiesce
630 801 729 838 hanc
760 814 841 838 rem
871 800 988 838 modo
1012 799 1189 850 petere“.
1235 801 1376 839 Bacch.
1404 803 1504 838 462:
1542 815 1654 847 „con-

165 882 280 919 pesce
311 871 351 906 in
381 869 492 906 illum
523 869 652 906 dicere
682 868 866 907 iniuste“.
913 869 1033 907 Mero.
1054 870 1154 907 284:
1191 869 1303 915 ..Non
1335 883 1419 906 sum
1443 874 1653 920 occupatus

164 939 502 987 umquam-amico
533 951 694 988 operam
725 935 859 974 dare“.
921 937 1028 974 Trin.
1063 939 1134 975 76:
1189 941 1253 984 „ut
1293 942 1331 975 te
1371 938 1505 976 uidere
1545 938 1653 975 audi-

165 1019 285 1056 reque
317 1007 469 1054 aegroti
499 1005 643 1044 sient“.
675 1026 730 1031 —
763 1006 854 1043 334.
889 1005 1025 1043 autem
1058 1005 1219 1043 additur
1246 1009 1284 1044 in
1311 1006 1356 1054 D,
1389 1008 1405 1043 I
1438 1008 1654 1056 ceterisque

167 1074 298 1121 codd.;
331 1074 418 1112 edd.
443 1075 667 1112 maluerunt
701 1072 889 1124 „magna“
925 1078 1014 1111 ante
1048 1072 1245 1121 „familia“
1274 1079 1469 1125 repetere.
1487 1095 1543 1099 ——
1561 1076 1653 1113 336.

162 1139 334 1192 perierit
356 1143 449 1180 olim
476 1143 735 1181 emendatum.
782 1143 894 1190 Item,
927 1142 1033 1193 quod
1065 1144 1172 1193 prior
1203 1143 1316 1181 huius
1340 1157 1474 1181 versus
1499 1141 1598 1194 pars}
1615 1145 1654 1180 in

165 1211 276 1249 codd.
309 1225 395 1248 cum
426 1211 695 1258 antecedenti,
736 1212 934 1260 posterior
967 1209 1006 1258 (a
1037 1209 1161 1261 quod)
1196 1226 1281 1250 cum
1323 1213 1497 1262 sequent-i
1527 1213 1654 1260 iungi-

165 1282 241 1317 tur.
280 1300 335 1304 —
376 1277 504 1329 quod,
544 1280 568 1318 i.
603 1294 634 1318 e.
674 1281 713 1317 in
751 1294 827 1329 qua
857 1294 919 1326 re,
961 1280 1041 1317 scil.
1075 1294 1097 1317 a
1128 1280 1252 1327 fuste,
1301 1281 1346 1319 cf.
1380 1280 1519 1318 Bacch.
1556 1282 1652 1318 194:

170 1347 298 1398 „quod
329 1347 376 1385 ab
399 1348 467 1386 illo
500 1349 705 1398 adtigisset
731 1350 905 1396 nuntius,
930 1347 1018 1386 Non
1041 1350 1281 1399 inpetratum
1305 1350 1343 1386 id
1369 1349 1594 1387 aduenienti
1621 1350 1655 1385 ci

165 1413 422 1454 redderem?“
456 1417 674 1455 Francken.
696 1415 821 1468 ,‚quo“
843 1418 1013 1468 scripsit,
1031 1418 1097 1455 vix
1113 1421 1231 1456 recte.
1248 1438 1304 1443 -—
1323 1420 1414 1456 338.
1440 1415 1477 1455 Si
1483 1414 1659 1466 perierit

265 1482 423 1533 dicant,
457 1486 503 1523 cf.
539 1488 616 1523 372
650 1499 706 1535 sq.
739 1485 877 1524 Bacch.
915 1487 1106 1524 1100—
1131 1484 1282 1537 quoqui
1311 1501 1383 1536 pro
1419 1485 1581 1536 ‚.coqui“
1618 1490 1658 1522 et

166 1554 310 1591 similia
339 1553 403 1592 hic
433 1554 514 1592 illic
544 1556 584 1591 in
616 1554 774 1604 optimis
802 1553 913 1591 codd.
938 1555 1207 1602 inveniuntur,
1240 1560 1284 1592 ut
1307 1555 1412 1593 Men.
1440 1557 1533 1592 211.
1561 1556 1654 1592 215.

165 1622 307 1659 Pseud.
341 1623 434 1660 858.
469 1624 560 1660 859.
622 1622 774 1660 Tuetur
810 1623 880 1660 has
918 1623 1064 1661 formas
1093 1624 1268 1673 Buggius
1300 1625 1339 1661 in
1371 1623 1564 1661 Tidskrift
1595 1624 1657 1672 for

165 1690 359 1739 Philologi
404 1690 497 1738 VII,
543 1705 581 1740 p.
623 1692 686 1728 35.
727 1711 781 1716 —
823 1693 916 1730 339.
964 1689 1005 1730 in
1037 1692 1230 1741 puteum,
1278 1693 1326 1730 cf.
1366 1692 1482 1729 Poen.
1528 1693 1654 1730 1161:

169 1772 290 1808 „quos
323 1771 396 1807 ego
428 1760 505 1796 iam
537 1758 743 1797 detrudam
769 1759 820 1797 ad
842 1760 977 1807 molas,
1010 1760 1106 1798 Inde
1133 1774 1252 1811 porro
1277 1761 1326 1798 ad
1349 1764 1511 1810 puteum
1536 1764 1655 1809 atque

165 1827 214 1864 ad
244 1827 448 1865 robustum
483 1825 699 1865 codicem“.
761 1828 887 1865 Locus
926 1832 983 1865 est
1022 1830 1324 1876 subterraneus,
1372 1842 1449 1878 quo
1490 1829 1556 1877 qui
1589 1828 1652 1864 de-

165 1898 298 1933 trusus
329 1900 408 1943 est,
455 1896 534 1934 suis
572 1895 720 1934 viribus
761 1896 931 1947 effugere
971 1912 1048 1934 non
1087 1902 1238 1948 potest,
1285 1898 1331 1935 cf.
1367 1899 1459 1935 357.
1520 1897 1652 1934 Puteis

167 1964 268 2001 enim
302 1977 378 2001 non
409 1965 536 2003 solum
567 1965 615 2002 ad
649 1978 788 2014 aquam
821 1966 1080 2015 colligendam
1108 1967 1333 2013 utebantur,
1368 1965 1437 2003 sed
1462 1968 1577 2002 etiam
1605 1965 1653 2002 ad

166 2032 297 2082 fruges
328 2033 501 2082 aliasque
532 2047 594 2070 res
626 2033 862 2072 condendas.
895 2055 949 2059 —
983 2035 1075 2073 340.
1115 2031 1288 2073 Horum.
1340 2032 1548 2082 „Horunc“
1585 2047 1652 2084 po-

165 2101 285 2138 stulat
317 2101 573 2139 Studemund.
605 2102 706 2139 Anu.
739 2102 834 2151 phil.
871 2104 989 2150 1876,
1022 2117 1060 2153 p.
1091 2105 1153 2141 60.
1191 2124 1237 2128 —
1273 2101 1422 2153 qmffe
1453 2100 1532 2152 qui,
1564 2104 1589 2140 i.
1620 2116 1651 2140 e.

165 2171 320 2216 etenim,
354 2169 431 2208 vid.
464 2169 514 2207 ad
543 2170 686 2221 Amph.
720 2172 813 2208 738.
875 2169 946 2221 qui
976 2185 1055 2209 non
1087 2176 1146 2209 est
1183 2172 1392 2210 relativum
1424 2185 1551 2222 neque
1581 2171 1653 2208 hoc

163 2239 294 2288 posito
310 2239 516 2276 relativum
538 2251 757 2288 pronomen
782 2244 849 2276 aut
874 2239 1103 2278 adverbium
1129 2241 1291 2289 adiungi
1315 2244 1460 2291 potest.
1507 2240 1652 2277 Parum

164 2310 268 2343 recte
299 2307 422 2355 igitur
446 2308 626 2356 proximo
649 2321 766 2345 versu
791 2307 878 2346 edd.
897 2308 1092 2347 Faernum
1118 2311 1240 2347 secuti
1269 2306 1422 2359 „quod“
1451 2308 1649 2353 scribunt3

165 2376 219 2412 sic
249 2375 488 2425 iungendum
519 2381 598 2412 est:
650 2376 772 2422 „nihil
804 2375 845 2424 (i.
879 2391 911 2415 e.
945 2376 1040 2425 non)
1080 2382 1140 2415 est
1170 2378 1237 2415 ubi
1269 2377 1364 2428 quid
1398 2375 1438 2424 (i.
1473 2390 1505 2414 e.
1539 2376 1650 2425 quid-

163 2441 297 2492 quam)
324 2442 554 2494 surripias“.
604 2445 659 2482 De
691 2444 898 2483 indefinito
932 2444 1030 2495 quid
1052 2461 1086 2484 v.
1106 2447 1155 2483 ad
1172 2446 1310 2484 Bacch.
1331 2447 1431 2490 2713
1465 2445 1510 2481 cf.
1530 2445 1650 2480 etiam

165 2512 275 2562 Capt.
309 2514 407 2551 289:
459 2513 552 2561 „ubi
584 2511 788 2563 quando“;
836 2511 937 2552 nihil
967 2518 1098 2553 autem
1129 2517 1291 2564 ponitur
1330 2527 1401 2562 pro
1437 2512 1579 2559 „non“‚
1612 2525 1648 2549 v.

163 2581 271 2619 Asin.
305 2582 398 2619 924.
430 2599 486 2606 —
517 2579 728 2631 subripias
759 2582 804 2621 D.

279 2651 370 2687 342.
404 2650 531 2699 Supra
562 2651 719 2700 seriptis
750 2652 973 2689 nominibus
998 2652 1103 2702 quod
1131 2650 1290 2688 additur
1315 2650 1431 2695 HYL,
1465 2649 1557 2699 quid
1585 2652 1647 2695 sit,

164 2719 314 2767 ignoro.
344 2739 394 2743 —
422 2716 500 2768 Qui
528 2732 564 2756 v.
584 2719 630 2756 ad
648 2719 788 2769 Amph.
819 2720 908 2757 127.
936 2740 988 2745 —
1015 2721 1106 2758 343.
1139 2716 1275 2757 Homo
1305 2718 1348 2756 F.
1368 2717 1569 2764 Schmidt.,
1603 2717 1649 2754 de

164 2789 433 2836 pronominum
479 2787 878 2825 demonstratu-orum
924 2790 1060 2826 formis
1102 2788 1296 2824 Plautinis
1336 2800 1373 2836 p.
1419 2788 1487 2833 38,
1535 2799 1648 2835 quem
