1897 3171
245 191 326 229 406
882 186 1094 221 Bacchides.

246 316 320 354 erit
349 316 390 353 in
424 315 536 362 ludo,
568 318 768 364 tamquam
797 315 1119 364 hypodidasca10‚
1152 313 1370 364 proxima“.
1417 315 1463 353 cf.
1488 314 1733 365 Marquardt.

244 382 539 421 Privatalterth.
565 382 614 429 II⁷
646 396 685 433 p.
713 384 805 421 316.
831 403 887 408 -
918 385 1013 421 430.
1044 384 1090 420 In
1119 383 1316 433 principio
1347 395 1483 420 versus
1515 384 1735 420 coniunctio

251 450 341 500 „ac“
378 451 638 498 desideratur,
671 454 715 488 ut
746 451 840 488 alibi
875 448 1008 498 ‚‚sed“‚
1042 464 1078 487 v.
1112 450 1160 487 ad
1184 450 1325 499 Amph.
1357 451 1451 488 350.
1496 450 1735 488 Ritschelius

245 519 448 557 licentius:
486 518 569 566 „Ibi
592 518 733 556 librum
761 532 878 568 quom
894 516 1086 568 legeres“.
1104 538 1159 543 —
1181 517 1276 555 Post
1301 515 1340 556 εἰ
1364 518 1508 556 hiatus.
1554 518 1733 556 Mallem:

250 587 391 635 ⁷‚modo
429 586 484 623 si‘·
529 590 598 624 aut
633 586 772 633 „modo
812 583 968 624 unam“.
1029 585 1088 623 Fl.
1121 585 1333 635 Bergkium
1373 590 1552 623 secutus:
1603 588 1658 633 „si
1697 586 1737 623 in

245 669 324 693 una
353 656 598 704 peccavisses
630 652 820 703 syllaba“.
869 654 945 691 Sed
971 653 1068 690 illud
1093 657 1198 690 recte
1223 653 1387 700 dicitur3
1419 653 1575 691 Miiller.
1601 653 1738 691 attulit

246 723 378 773 Priap.
412 725 448 769 7,
485 722 526 760 1:
563 722 683 770 „Cum
715 723 866 771 loquor,
899 736 977 759 una
1006 721 1101 758 mihi
1132 725 1319 770 peccatur
1348 719 1522 759 littera“.
1555 741 1610 746 -
1641 722 1734 759 431.

246 790 438 828 Lambino
455 792 495 827 in
512 794 683 828 mentem
699 792 807 828 venit
822 790 957 828 Iliadis
975 790 1043 836 IX,
1062 791 1142 827 490
1161 803 1237 839 sq.:
1272 791 1421 826 πολλάκι
1444 805 1504 837 μοι
1528 789 1738 831 κατέδευσας

247 860 307 896 ἐπὶ
347 860 527 904 στήθεσσι
564 860 696 906 χιτῶνα
735 861 832 895 οἴνου
872 858 1080 906 ἀποβλύζων
1119 861 1154 893 ἐν
1191 859 1315 905 νηπιέῃ
1351 857 1519 907 ἅλεγείνῃ.
1551 877 1603 882 --
1643 858 1736 894 434.

248 924 436 977 equidem
467 937 548 977 890,
581 927 659 964 vid.
694 927 743 964 ad
766 927 907 976 Amph.
934 928 1028 964 757.
1063 946 1110 951 —
1147 926 1240 963 435.
1281 922 1464 974 capiebat
1494 926 1552 963 ed.
1585 939 1645 974 pr.
1676 925 1737 962 Ex

247 996 444 1032 communi
474 996 670 1032 sententia
702 995 864 1032 auditur
894 994 1110 1032 subiectum
1146 992 1307 1043 ‚,puer“‚
1348 993 1453 1042 quod
1484 993 1608 1031 multo
1648 996 1739 1043 post

247 1064 445 1112 sequitur,
492 1076 527 1101 v.
568 1064 661 1101 438.
737 1063 919 1101 Ceterum
963 1066 1117 1099 constat
1163 1062 1267 1112 apud
1313 1063 1495 1110 antiquos
1540 1061 1736 1099 Romanos

247 1135 336 1169 ante
368 1131 528 1169 Villiam
558 1132 685 1179 legem
715 1131 836 1168 latam
870 1129 921 1178 (a.
951 1132 1027 1168 180
1060 1143 1081 1167 a
1106 1129 1195 1167 Chr.
1223 1126 1281 1179 n.)
1312 1131 1418 1167 viros
1448 1132 1597 1167 virtute
1629 1141 1737 1178 egre·
1772 1172 1778 1178 ¹

247 1201 332 1247 gios
376 1199 575 1236 interdum
620 1199 829 1236 admodum
874 1200 1033 1236 iuvenes
1083 1199 1336 1247 magistratus
1377 1200 1561 1245 gessisse,
1607 1202 1653 1234 ut
1682 1197 1737 1235 M.

249 1267 426 1305 Valerius
452 1267 599 1305 Corvus
631 1281 664 1304 a.
693 1268 770 1305 348
804 1272 884 1304 tres
917 1271 955 1304 et
985 1268 1127 1316 viginti
1159 1279 1280 1303 annos
1311 1269 1430 1303 natus
1456 1266 1589 1303 consul
1612 1266 1738 1303 factus

249 1339 308 1373 est
340 1334 444 1383 (Liv.
476 1335 562 1383 VII,
596 1337 659 1382 26,
697 1334 786 1382 12);
818 1335 947 1384 Scipio
977 1335 1187 1372 Africanus
1219 1337 1309 1370 ante
1339 1335 1564 1371 vicesimum
1596 1347 1738 1371 annum

250 1404 375 1441 aedilis
406 1403 558 1452 (Polyb.
575 1403 624 1450 X⁷
651 1402 703 1448 4).
764 1403 820 1441 Cf.
854 1404 932 1441 Cic.
964 1403 1106 1452 Philip.
1134 1402 1179 1449 V,
1211 1401 1273 1447 17,
1301 1400 1376 1438 48:
1413 1402 1491 1448 „At
1515 1415 1607 1439 vero
1634 1401 1739 1451 apud

249 1474 434 1521 antiquos
465 1471 590 1518 Rulli,
638 1471 766 1518 Decii⁷
816 1471 973 1510 Corvini
1003 1472 1196 1520 multique
1228 1469 1314 1516 alii,
1361 1471 1577 1507 recentiore
1610 1473 1739 1507 autem

246 1542 435 1578 memoria
479 1541 658 1589 superior
702 1540 929 1585 Africanus,
977 1539 1020 1576 T.
1060 1538 1303 1575 Flamininus
1351 1537 1561 1575 admodum
1606 1537 1738 1575 adule-

246 1612 397 1647 scentes
437 1608 613 1645 consules
653 1608 790 1646 facti&
858 1607 978 1644 Plura
1008 1606 1183 1652 Becker.⁷
1224 1605 1362 1654 Antiq.
1404 1605 1515 1643 Rom.
1547 1605 1596 1653 ΙΙ,
1631 1607 1667 1653 2,
1699 1619 1738 1655 Ρ.

251 1678 299 1714 15
335 1690 419 1725 sqq.
452 1696 506 1701 ——-
546 1677 641 1713 437.
679 1672 930 1724 septuennis.
978 1674 1152 1723 Septimo
1185 1686 1287 1710 anno
1310 1674 1467 1710 litteras
1500 1673 1651 1711 discere
1681 1675 1739 1711 in-

248 1744 458 1794 cipiebant,
491 1758 526 1781 v.
553 1744 675 1781 Mero.
704 1745 782 1782 288
808 1747 846 1780 et
871 1744 973 1781 298:
1013 1742 1139 1788 „Puer
1169 1755 1254 1779 sum
1285 1743 1513 1791 septuennis
1532 1771 1539 1778 .
1559 1772 1566 1779 .
1587 1772 1594 1779 .
1613 1742 1739 1779 Hodie

248 1814 306 1849 ire
339 1813 473 1861 occepi
512 1815 552 1849 in
591 1812 725 1849 ludum
765 1810 1047 1849 litterarium“.
1088 1810 1134 1848 cf.
1169 1809 1331 1856 Quintil.
1364 1809 1400 1855 Ι,
1438 1811 1477 1856 1,
1515 1811 1577 1847 15.
1638 1810 1739 1848 Plat.

249 1880 413 1918 Axioch.
449 1882 526 1917 366
560 1879 617 1926 F..
659 1893 895 1929 quamquam
936 1880 1113 1925 suerunt,
1162 1879 1229 1927 qui
1270 1878 1461 1914 maturius
1507 1878 1739 1927 inciperent.

250 1948 385 1997 Lydus
427 1952 577 1994 autem,
621 1951 665 1985 ut
696 1948 813 1994 solet.
854 1961 935 1984 rem
975 1950 1197 1995 exaggerat.
1230 1965 1285 1970 *ν
1316 1946 1409 1982 438.
1458 1941 1616 1992 fabula,
1665 1958 1742 1994 qua-

250 2016 455 2062 scribitur⁷
502 2016 549 2053 cf.
583 2016 677 2054 Hor.
709 2015 790 2053 Sat.
823 2016 852 2063 Ι,
888 2016 923 2061 6,
967 2016 1031 2051 74.
1071 2034 1129 2038 -
1165 2015 1260 2051 440.
1282 2041 1284 2043 >
1309 2009 1468 2050 IVOSter
1506 2012 1612 2060 esto,
1659 2013 1740 2050 lau-

252 2084 382 2120 dantis
415 2087 484 2130 est,
517 2084 563 2120 cf.
596 2083 680 2120 Mil.
715 2085 815 2121 895:
853 2084 949 2130 „Em
982 2087 1117 2120 noster
1148 2080 1273 2119 esto‘².
1321 2081 1477 2118 Trucul.
1512 2081 1606 2118 940.
1653 2081 1741 2118 Ter.

249 2151 350 2189 Eun.
387 2152 478 2189 154.
510 2171 565 2176 --
596 2151 691 2188 441.
726 2147 996 2197 Provocatm·‚
1039 2153 1244 2195 evocatur,
1285 2151 1330 2185 ut
1359 2148 1543 2197 prodeat,
1578 2149 1624 2186 cf.
1655 2149 1741 2187 Mil.

254 2221 374 2257 1115.
419 2219 562 2256 Pseud.
598 2220 689 2257 642.
722 2239 777 2244 —
817 2221 910 2257 442.
949 2217 1105 2268 atlz'yas
1137 2231 1183 2254 ex
1213 2216 1340 2254 Nonio
1371 2230 1409 2265 p.
1444 2218 1494 2254 75
1527 2220 1740 2266 receptum,

252 2289 319 2338 qui
360 2287 533 2324 eiusdem
574 2288 709 2324 formae
750 2288 927 2336 exempla
967 2301 1014 2324 ex
1053 2286 1230 2335 Turpilio
1272 2290 1310 2321 et
1346 2285 1455 2321 Attio
1496 2284 1622 2322 affert.
1685 2284 1740 2322 Cf.

250 2356 367 2406 Epid.
401 2357 496 2393 712.
552 2356 670 2392 Most.
705 2356 799 2393 459.
854 2355 961 2392 Pers.
996 2356 1089 2392 813.
1145 2353 1267 2391 Stich.
1306 2354 1396 2389 182.
1457 2352 1614 2390 Trucul.
1649 2354 1742 2390 275.

251 2423 370 2474 Apud
407 2424 495 2461 Ter.
528 2424 630 2461 And.
664 2424 741 2460 789
791 2427 916 2460 metro
962 2423 1121 2460 iubente
1167 2423 1398 2458 restitutum
1444 2424 1514 2458 est.
1552 2441 1608 2445 -—
1648 2421 1742 2458 443.

252 2488 400 2529 Versus
437 2495 658 2541 corruptus.
729 2491 790 2528 Ad
829 2504 910 2528 voe.
942 2487 998 2528 Id
1027 2491 1056 2526 B
1090 2490 1333 2538 adscriptum
1373 2487 1512 2525 habet:
1564 2488 1636 2534 „aL
1670 2487 1742 2534 it“,

254 2560 359 2609 quod
406 2560 658 2610 amplectitur
703 2559 760 2596 ed.
800 2572 880 2608 pn,
934 2558 968 2595 D
1015 2556 1143 2604 „Fit“‚
1200 2556 1304 2606 quod
1351 2556 1498 2593 Ritsch.
1546 2556 1742 2605 praetulit3

252 2628 370 2666 Both.
399 2626 517 2676 ‚‚Ut“.
580 2627 721 2665 Omnes
752 2629 793 2664 in
824 2639 907 2663 voc.
945 2624 1151 2672 „strenue“
1188 2626 1313 2673 patris
1353 2626 1571 2661 orationem
1609 2626 1743 2660 termi-

252 2700 362 2734 nant.
432 2696 511 2734 Sed
540 2710 576 2733 v.
611 2696 691 2733 444
735 2695 845 2741 „Itur
874 2691 1007 2730 illinc“
1056 2692 1229 2730 ostendit
1270 2692 1324 2728 ibi
1363 2691 1517 2728 demum
1557 2691 1606 2728 ad
1637 2691 1745 2728 aliud

253 2765 432 2811 transiri,
472 2777 507 2801 v.
541 2764 620 2802 443
654 2766 826 2800 extrema
855 2763 981 2812 patris
1013 2761 1134 2798 verba
1164 2761 1375 2797 continere.
1437 2758 1537 2795 Hinc
1568 2759 1746 2807 sequitur
