1897 3171
286 194 367 232 440
688 193 690 195 ’
920 187 1132 222 Bacchides.

287 334 320 357 v.
354 318 403 356 ad
433 331 468 355 v.
506 317 567 355 15.
601 337 654 341 —
697 318 815 355 1036.
857 315 894 354 32'
924 328 995 367 090
1028 317 1139 355 codd.
1172 330 1259 353 cum
1291 316 1420 361 hiatu,
1467 317 1598 354 Herm.
1631 317 1676 352 R.
1709 314 1767 351 Fl.

290 399 386 434 „ego
411 383 483 423 si“.
503 386 695 423 —1037.
729 384 959 435 corrumpi,
991 399 1079 423 nam
1105 385 1277 434 periurio
1309 384 1458 421 nullum
1489 386 1613 422 maius
1645 383 1769 421 scelus

284 469 354 492 nec
393 455 519 492 maior
556 453 716 490 infamia
754 455 916 503 cogitari
954 457 1098 504 potest.
1141 473 1196 478 —
1239 455 1357 491 1038.
1405 453 1447 490 fu
1476 466 1610 490 versus
1654 464 1769 488 causa

283 524 484 561 Acidalius
517 527 608 559 ante
642 520 816 569 „utram“
851 524 1002 571 posuit,
1036 522 1200 559 Guietus
1232 521 1462 559 delevit.—
1489 522 1606 559 1040.
1639 530 1769 568 neque

286 593 322 630 te
351 588 466 630 iubeo
504 601 634 640 weque
666 591 775 637 neto,
820 591 865 628 cf.
900 591 1010 628 Curc.
1049 591 1138 628 145.
1199 590 1356 627 Trucul.
1402 591 1503 637 632,
1548 589 1615 625 ubi
1654 588 1765 626 codd.

287 658 442 707 „uolo“,
475 662 498 696 i.
533 674 563 697 0.
596 663 712 705 uoto,
754 663 796 696 ut
826 660 864 696 l1.
896 660 921 696 l.
961 661 1078 696 etiam
1110 659 1168 696 Fl.
1209 678 1266 683 —-
1309 659 1425 696 1041.
1471 657 1583 695 Hunc
1613 669 1768 694 versum

282 732 322 766 111
355 728 464 766 codd.
499 733 537 764 et
569 728 656 765 edd.
684 729 827 777 excipit
857 728 975 773 1044,
1007 727 1142 764 hiante
1174 729 1379 773 sententia,
1412 740 1482 763 nec
1505 722 1606 774 plus
1636 725 1766 771 habet,

283 811 360 847 quo
390 797 603 842 referatur,
651 809 738 832 mox
777 809 870 833 vero
902 809 977 833 vss.
1015 796 1232 833 1042—43
1275 795 1383 833 nullo
1423 795 1627 832 sententiae
1665 807 1767 830 nexu

283 879 368 903 cum
414 866 554 902 ceteris
600 867 838 912 iunguntur,
890 865 993 901 1046
1035 868 1166 901 autem
1213 865 1367 901 0111111110
1413 863 1579 910 intelligi
1618 863 1767 911 nequit.

282 934 485 972 Librarius
532 933 677 970 codicis
726 937 944 969 nostrorum
986 932 1189 981 archetypi
1231 932 1328 969 duos
1369 945 1503 969 versus
1548 931 1765 968 1042—43

280 1003 432 1039 incuria
463 1004 614 1046 omisit,
662 1014 731 1038 1100
769 1001 887 1037 habet
917 1001 968 1047 B,
1002 1002 1039 1037 111
1072 1001 1097 1037 C
1132 1004 1260 1038 autem
1291 1014 1412 1050 pravo
1444 1001 1531 1037 loco
1563 1003 1655 1050 post
1691 1000 1766 1036 145

281 1069 405 1107 additi
436 1072 538 1107 sunt.
569 1089 624 1094 -
667 1070 786 1106 1044.
834 1070 915 1105 Iam
954 1082 1108 1117 servus,
1156 1082 1275 1119 quum
1315 1069 1361 1106 de
1400 1071 1528 1106 animo
1566 1068 1651 1105 heri
1689 1081 1768 1105 non

283 1138 449 1188 amplius
473 1138 640 1184 dubitet,
674 1138 878 1174 consilium
909 1137 1087 1187 proferre
1113 1138 1244 1175 audet.
1290 1134 1426 1175 safius
1449 1137 1656 1185 legendum
1684 1149 1767 1173 0000

280 1207 452 1256 Scaliger
483 1210 522 1243 et
552 1206 683 1243 Dousa
714 1206 917 1253 viderunt3
950 1206 1157 1243 suavitudo
1190 1207 1253 1244 hic
1282 1207 1393 1244 nulla
1424 1207 1589 1256 cogitari
1622 1208 1765 1255 potest.

278 1294 333 1300 --
369 1277 487 1313 1045.
533 1271 826 1323 (12512641636679,
859 1276 883 1312 i.
917 1288 947 1312 0.
981 1275 1110 1324 palam
1140 1274 1245 1323 fieri,
1278 1275 1352 1312 hoc
1382 1288 1461 1312 uno
1492 1275 1578 1312 1000
1609 1275 1766 1321 legitur.

280 1365 333 1369 —
368 1345 486 1381 1046.
534 1340 644 1393 Quid
673 1354 767 1393 erfjo
801 1340 926 1381 istic?
964 1345 1016 1381 010
1047 1348 1150 1381 recte
1182 1344 1222 1390 C,
1255 1345 1329 1380 nisi
1360 1343 1465 1393 quod
1497 1343 1766 1392 interrogandi

278 1414 430 1462 signum
461 1425 539 1449 non
571 1412 701 1449 habet.
772 1412 944 1449 Auditur
979 1413 1222 1458 „faciendum
1263 1410 1343 1449 est“
1394 1416 1459 1449 aut
1492 1412 1620 1449 simile
1659 1411 1764 1460 quid.

277 1482 447 1519 Locutio
480 1482 636 1518 comicis
667 1482 880 1527 familiaris,
916 1481 961 1518 de
994 1494 1070 1530 qua
1101 1480 1278 1518 Donatus
1311 1481 1358 1517 ad
1389 1480 1548 1518 Terent.
1567 1480 1665 1517 Eun.
1690 1480 1762 1517 171

279 1548 333 1596 (1,
369 1551 404 1596 2,
440 1547 528 1596 Oly:
581 1549 688 1597 „Hoc
728 1549 957 1586 adverbium
999 1550 1220 1587 consentire
1259 1550 1483 1599 incipientis
1516 1553 1591 1596 est,
1640 1552 1676 1585 et
1709 1551 1768 1585 est

279 1618 446 1666 ellipsis,
480 1617 588 1655 deest
620 1619 719 1654 0111111
749 1616 1038 1661 „remoramur“
1070 1621 1138 1655 aut
1165 1617 1257 1668 quid
1290 1617 1409 1664 tale“,
1444 1622 1482 1655 et
1512 1618 1560 1655 ad
1593 1617 1766 1654 eiusdem

276 1686 418 1723 fabulae
449 1700 485 1724 v.
521 1688 599 1724 388
635 1683 690 1735 (2,
725 1687 759 1730 3,
794 1684 883 1734 96):
929 1686 1181 1733 „adverbium
1221 1691 1277 1724 est
1311 1699 1410 1736 aegre
1442 1686 1690 1724 concedentis
1723 1699 1766 1722 ac

276 1755 396 1793 veluti
441 1753 577 1792 victi“.
652 1755 770 1805 Apud
809 1755 1039 1793 Terentium
1084 1759 1274 1805 praeterea
1322 1755 1467 1804 legitur
1505 1755 1627 1793 Andr.
1670 1756 1762 1792 572.

277 1823 416 1861 Hcaut.
440 1825 558 1861 1053.
591 1823 760 1873 Adelph.
789 1825 880 1861 350.
915 1826 1007 1868 956,
1043 1824 1146 1873 apud
1170 1824 1353 1861 Plautum
1377 1823 1498 1862 Mero.
1524 1826 1616 1861 994.
1663 1823 1763 1861 Rud.

281 1891 398 1929 1331.
468 1891 574 1929 Trin.
618 1893 710 1929 573.
780 1891 895 1940 Epid.
941 1893 1036 1929 142:
1096 1892 1222 1939 „Quid
1261 1889 1378 1929 istic?
1427 1891 1607 1930 Facimus
1646 1892 1767 1929 verba

276 1958 373 1998 010.“’ί
444 1960 562 1998 Ρο011.
608 1961 734 1998 1229:
787 1960 913 2007 „Quid
944 1959 1060 1998 istic?
1122 1961 1233 2007 Quod
1264 1961 1543 2008 faciendumst,
1591 1974 1658 1998 cur
1689 1974 1765 1998 non

275 2026 480 2075 agimus?‘'
568 2027 651 2066 Hoc
702 2041 780 2065 non
836 2029 1037 2067 intellecto
1097 2030 1222 2067 critici
1277 2043 1433 2067 versum
1482 2030 1589 2066 varie
1643 2034 1765 2066 torse-

274 2100 379 2133 runt.
449 2096 622 2133 Acidal.:
675 2096 802 2144 „Quid
844 2109 916 2145 ego
956 2095 1110 2135 istuc‘?‘⁴
1162 2099 1243 2136 scil.
1284 2099 1390 2145 dico,
1437 2098 1613 2147 plerique
1652 2098 1765 2135 Pium

275 2167 417 2201 secuti:
456 2164 580 2211 „Quin
613 2178 684 2214 ego
715 2167 803 2203 istic
956 2180 1164 2217 properem
1196 2164 1417 2216 perdere‘?“
1454 2166 1659 2204 Debebant
1691 2166 1765 2202 sal—

273 2238 363 2280 tem,
397 2237 440 2270 ut
464 2232 666 2279 Gruterus,
704 2233 946 2284 „propero'⁴;
980 2235 1049 2272 sed
1072 2235 1136 2273 vel
1161 2236 1215 2273 sic
1251 2249 1320 2273 nec
1350 2233 1484 2283 „istic“
1514 2235 1764 2282 intelligitur,

274 2316 344 2339 1100
376 2305 462 2339 tota
504 2302 699 2339 sententia
736 2306 830 2352 apta
871 2308 940 2341 est.
1019 2304 1139 2341 Immo
1179 2305 1453 2352 interrogandi
1495 2306 1648 2354 signum
1688 2317 1765 2340 11011

275 2383 360 2407 cum
393 2370 422 2407 B
460 2372 500 2407 in
538 2369 615 2408 fine
657 2384 791 2408 versus
829 2372 1052 2420 ponendum
1093 2378 1172 2419 est,
1221 2373 1309 2419 sed,
1357 2378 1402 2410 ut
1440 2374 1628 2420 vidimus,
1675 2376 1766 2423 post

281 2438 434 2486 „istie³‘.
488 2449 709 2488 properem
739 2439 979 2477 hortativum
1012 2445 1081 2478 est.

396 2509 513 2545 1050.
561 2507 662 2545 Dum
702 2508 918 2546 Nicobulus
964 2509 1066 2547 aedes
1112 2511 1251 2558 intrat,
1298 2515 1343 2548 ut
1386 2512 1590 2561 pecuniam
1637 2512 1763 2559 tollat,

279 2589 411 2613 servus
458 2589 587 2613 secum
633 2577 899 2626 triumphatur
945 2578 1061 2615 solita
1105 2580 1274 2626 ratione,
1327 2579 1373 2617 cf.
1413 2580 1547 2617 Attius
1587 2594 1621 2618 v.
1665 2582 1763 2618 668:

282 2644 388 2692 „Iam
419 2644 519 2682 hanc
549 2645 686 2683 urbem
716 2646 822 2683 ferro
852 2648 1001 2683 vastam
1032 2646 1152 2684 faciet
1183 2647 1363 2685 Peleus“.
1424 2648 1508 2686 Liv.
1541 2648 1585 2695 V,
1621 2650 1684 2694 53,
1723 2650 1762 2686 l:

278 2716 453 2760 „vastam
485 2713 676 2752 incendiis
707 2715 908 2764 ruinisque
938 2713 1116 2753 urbem“.
1149 2734 1203 2740 Ἰ-
1233 2726 1451 2766 proceres,
1497 2716 1669 2755 Graeciae.
1714 2738 1760 2742 —

277 2782 395 2819 1051.
442 2779 625 2820 exitium.
696 2782 867 2822 Ritsch.:
906 2783 974 2831 „A.
1006 2784 1148 2821 Plauto
1179 2786 1310 2822 nescio
1343 2799 1391 2822 an
1424 2786 1543 2824 exitio
1576 2787 1763 2835 scriptum
