1854 3188
155 193 207 238 11,
223 196 252 237 1,
266 193 401 228 35—52
830 191 985 236 Captiui-
1574 198 1652 237 159

733 315 1074 358 Philocrates

157 390 267 433 Soio.

765 459 1044 514 Tyndarus

324 534 380 576 At
412 533 523 575 scire
555 535 783 583 memento,
817 531 989 586 quando
1020 531 1065 574 id
1097 532 1214 586 quod
1245 532 1364 575 uoles
1394 534 1597 588 habebis,

152 606 190 647 N
195 620 264 648 am
280 605 370 648 fere
387 618 590 647 maxuma
607 618 708 659 pars
725 618 889 646 morem
914 604 1028 646 huno
1055 602 1290 658 [homines]
1316 605 1499 648 habent:
1533 609 1651 662 quod

1113 676 1195 719 sibi
1226 677 1390 730 uolunt,

151 750 264 792 Dum
301 750 346 791 id
385 750 624 804 inpetrant,
663 748 766 790 boni
805 753 928 800 sunt,
969 747 1045 790 sed
1077 749 1122 790 id
1162 749 1239 791 ubi
1277 750 1363 792 iam
1393 764 1525 804 penes
1557 765 1651 794 sese

1109 821 1283 874 habena

150 893 216 935 Ex
247 893 372 936 bonis
402 893 597 948 pessumi
629 896 672 934 et
702 891 1108 935 fraudulentissumi

150 965 293 1008 Fiunt.
353 965 476 1007 Nunc
507 968 556 1006 ut
586 963 691 1006 mihi
722 968 765 1006 te
796 965 895 1007 uolo
930 979 1024 1007 esse
1057 970 1248 1008 autumo.
1584 979 1651 1013 235

153 1037 277 1088 Quod
308 1038 388 1080 tibi
421 1036 596 1083 suadeo,
631 1035 838 1078 suadeam
870 1051 964 1079 meo
997 1037 1126 1091 patri.

721 1130 1072 1174 Philocrates

148 1204 227 1247 Pol
259 1218 337 1259 ego
368 1209 424 1257 te,
457 1205 492 1246 si
526 1203 721 1255 audeam,
754 1217 895 1245 meum
927 1210 1095 1258 patrem
1126 1205 1363 1257 nominem3

149 1276 261 1318 Nam
293 1276 529 1318 secundum
560 1281 727 1331 patrem
757 1279 805 1318 tu
838 1290 882 1318 es
914 1281 1040 1331 pater
1072 1291 1320 1331 proxumus.

761 1371 1041 1426 Tyndarus

150 1443 302 1486 Audio.

724 1515 1077 1558 Philocrates

355 1587 411 1629 Et
442 1592 675 1642 propterea
706 1589 877 1642 saepius
910 1594 952 1630 te
984 1593 1031 1630 ut
1062 1589 1307 1631 memineris
1340 1603 1516 1631 moneo:

150 1658 248 1701 Non
291 1673 368 1713 ego
408 1673 506 1702 erus
545 1660 646 1711 tibi,
687 1660 764 1702 sed
803 1674 1031 1702 couseruos
1065 1675 1171 1702 sum.
1240 1661 1361 1703 Nunc
1394 1661 1573 1705 obsecro
1604 1668 1648 1706 te

1106 1733 1187 1774 1100
1218 1748 1369 1775 111111111;
1581 1747 1649 1780 240

152 1802 366 1852 Quoniam
396 1803 522 1846 nobis
555 1803 598 1845 di
630 1804 882 1846 inmortales
916 1806 1104 1846 animum
1137 1805 1420 1847 ostenderunt
1452 1821 1588 1858 suum,

150 1875 208 1917 Ut
232 1876 305 1928 qui
331 1889 448 1917 erum
474 1889 540 1917 me
566 1875 647 1918 tibi
671 1876 804 1918 fuisse
823 1881 951 1930 atque
972 1891 1066 1919 esse
1084 1891 1198 1919 1111110
1216 1891 1470 1920 conseruom
1496 1880 1645 1932 uelint,

151 1947 233 1997 Qui
274 1947 459 1990 antehac
498 1962 575 2002 pro
615 1949 706 1990 iure
746 1949 1038 2003 inperitabam
1077 1963 1192 2002 meo,
1231 1964 1344 1991 nunc
1382 1955 1424 1993 te
1465 1966 1538 1993 oro
1571 1967 1649 2006 per

1105 2036 1290 2076 precem,

150 2090 232 2132 Per
260 2090 479 2133 fortunam
511 2093 721 2134 incertam
753 2097 796 2135 et
826 2108 902 2147 per
935 2095 1018 2136 mei
1044 2098 1086 2136 te
1113 2108 1215 2147 erga
1241 2094 1482 2137 bonitatem
1508 2097 1646 2150 patris

148 2161 231 2203 Per
257 2164 570 2205 conseruitium
596 2178 833 2215 commune,
867 2167 983 2219 quod
1014 2167 1185 2208 hostica
1212 2168 1358 2208 euenit
1382 2182 1524 2219 manu,
1580 2180 1646 2213 245

148 2234 212 2276 Ne
243 2249 309 2276 me
343 2249 468 2277 secus
501 2235 663 2278 honore
693 2237 911 2290 honestes,
944 2253 1071 2292 quam
1104 2252 1233 2292 quom
1266 2240 1460 2282 seruibas
1493 2240 1609 2291 mihi,

148 2306 290 2361 Atque
312 2312 374 2358 ut,
407 2309 480 2360 qui
496 2307 630 2350 fueris
659 2314 701 2350 et
725 2310 800 2364 qui
816 2324 931 2351 nuno
955 2311 1026 2362 sis,
1059 2312 1305 2354 meminisse
1322 2316 1370 2353 ut
1386 2312 1643 2354 memineris.

762 2408 1037 2463 Tyndarus

150 2474 245 2518 Soio
277 2477 453 2530 quidem
484 2493 550 2520 me
582 2482 625 2520 te
659 2493 753 2521 esse
785 2495 897 2522 nunc
932 2486 971 2523 et
1004 2486 1047 2523 te
1080 2496 1171 2523 esse
1204 2496 1283 2523 me.

237 2662 301 2696 231
329 2661 399 2696 TY.
429 2661 524 2697 Soio.
551 2663 642 2698 PHI.
669 2665 720 2698 At
848 2667 913 2699 235
941 2665 1037 2700 Sunt
1155 2667 1220 2700 236
1247 2664 1420 2699 suadeam
1446 2675 1511 2698 sua
1538 2664 1643 2698 deam

147 2718 214 2751 327
239 2729 307 2762 ego
333 2719 363 2752 si
388 2723 426 2753 te
452 2720 606 2754 audeam
699 2723 764 2755 240
790 2733 917 2756 seruus
1003 2725 1069 2756 242
1095 2726 1204 2756 erunt
1288 2722 1353 2755 243
1379 2720 1486 2763 Quod
1577 2721 1643 2754 245

146 2772 289 2818 Perque
361 2776 426 2810 246
453 2777 640 2811 seruiebas
