1845 3171
210 190 232 228 5
239 189 290 227 72
861 186 1044 237 §urculio

208 319 276 354 aut
313 315 476 353 Plautus
523 318 659 354 contra
704 318 959 366 antiquorum
1004 330 1150 354 morem
1197 317 1399 355 obscurius
1445 318 1603 357 locutus
1643 323 1702 357 est

208 383 339 431 (istas,
374 397 470 433 quas
501 388 541 420 te
571 384 666 421 mihi
696 384 841 422 debere
873 384 980 432 scis.)
1014 406 1068 410 —
1101 387 1192 424 525.
1226 383 1284 423 sit
1312 386 1404 423 olim
1437 388 1699 426 emendatum.

325 452 416 489 526.
464 451 677 501 Postquam
718 456 756 489 et
795 452 977 491 Curculio
1016 457 1054 491 et
1091 453 1198 502 Lyco
1237 453 1438 501 abierunt,
1488 454 1702 506 Cappadox

207 534 337 557 secum
371 520 418 557 de
460 521 539 557 suis
579 519 697 557 rebus
736 520 924 569 loquitur.
965 541 1019 546 —
1067 523 1159 560 527.
1205 519 1340 560 decem
1379 527 1469 560 cett.
1504 523 1615 562 codd.
1649 544 1698 550 -—

210 589 300 626 528.
348 584 464 626 illam
501 585 691 626 uendidit
733 593 882 639 transp.
925 589 1038 627 Grut.
1081 611 1134 616 ——
1178 592 1269 629 531.
1317 590 1469 629 certum
1509 590 1568 629 est
1607 592 1701 630 olim

209 656 472 694 emendatum.
505 676 562 699 ‚-——
596 655 836 702 ,.1ne.bene“
872 662 1020 709 transp.
1053 658 1112 696 Fl.

323 726 414 762 532.
461 724 577 761 Miles
616 724 861 773 Epidaurum
902 729 1010 764 venit
1049 732 1088 763 et
1120 728 1386 776 argentarium
1429 727 1547 773 adiit,
1596 729 1701 778 apud

209 807 324 842 quem
369 794 577 843 pecuniam
625 793 880 842 deposuerat,
929 808 1006 843 qua
1051 796 1178 832 soluta
1223 795 1355 844 puella
1394 795 1467 833 sibi
1507 796 1703 834 tradenda

208 866 331 908 esset,
364 862 611 910 argentarius
644 875 683 898 se
715 863 791 898 iam
824 864 953 900 omnia
984 864 1150 901 solvisse
1183 863 1295 901 dixit..
1350 863 1545 901 Incedunt
1578 865 1625 901 de
1657 879 1703 902 ea

206 943 247 967 re
279 930 527 966 altercantes.
569 949 622 953 -—
668 931 758 967 533.
813 929 1090 977 „excidionem
1128 931 1235 969 urbis
1274 945 1295 968 a
1334 931 1518 970 caedendo
1559 933 1702 970 dictam

205 998 454 1035 manifestum
489 996 587 1045 ew,
621 999 676 1035 ait.
706 998 812 1036 Fest.
845 999 918 1048 Ep.
951 1013 988 1049 p.
1024 1002 1096 1046 803
1148 1000 1345 1045 ..excidio,
1379 998 1547 1036 excisio⁴⁴
1584 1001 1700 1048 glos&

206 1066 310 1116 apud
342 1066 491 1111 Low-e,
527 1065 733 1104 Proca-om.
766 1081 803 1117 p.
840 1069 933 1105 262.
967 1089 1020 1092 ——
1055 1070 1146 1106 534.
1179 1079 1361 1117 propere
1382 1078 1610 1116 properas,
1653 1068 1700 1106 cf.

208 1136 285 1173 683
326 1138 364 1171 et
403 1135 496 1171 461.
557 1134 646 1172 Aul.
692 1136 781 1174 174.
823 1157 879 1162 -—
927 1138 1017 1174 535.
1068 1135 1256 1185 depasefm'
1302 1137 1396 1174 olim
1443 1136 1604 1174 editum.
1645 1157 1702 1162 —

209 1201 361 1247 „uitam
395 1212 571 1250 ponere.
621 1203 836 1253 deponere,
884 1205 1086 1242 mittor&
1132 1206 1266 1243 Lamb.
1307 1225 1362 1230 ——
1410 1206 1502 1242 536.
1558 1205 1702 1242 Versus

206 1285 353 1308 ‹Jaesura
385 1276 503 1309 caret.
552 1271 666 1309 Both.
699 1278 875 1322 transp.:
915 1274 1123 1319 „mediocri
1154 1273 1242 1319 te“;
1276 1274 1334 1311 Fl.
1367 1274 1568 1310 licentius:
1606 1286 1703 1323 „ego

204 1354 305 1377 nunc
346 1341 532 1376 mediocri
574 1344 701 1377 macto
740 1340 820 1378 te“.
864 1361 920 1366 —-
967 1343 1058 1379 538.
1106 1342 1302 1392 ferocem,
1351 1342 1397 1379 cf.
1439 1341 1556 1379 Most.
1600 1343 1698 1379 877:

210 1409 420 1447 ..Ferocem
454 1409 548 1445 facis
583 1410 636 1453 te,
679 1411 771 1458 quia
801 1414 841 1446 te
874 1424 962 1447 erus
996 1410 1141 1448 amat&
1203 1410 1316 1455 Noli,
1351 1411 1501 1458 inquit,
1535 1410 1701 1459 superbe

205 1491 353 1513 mecum
387 1490 502 1526 agere
531 1483 600 1513 aut
634 1490 792 1514 censere
823 1492 884 1515 me
915 1479 988 1516 tibi
1021 1479 1257 1528 supplicare.
1318 1477 1377 1515 De
1409 1479 1550 1514 omisso
1587 1476 1696 1524 „me“

204 1545 281 1582 vid.
316 1546 363 1582 ad
395 1544 537 1594 Amph.
573 1546 636 1582 22.
669 1566 725 1570 -
759 1547 852 1584 540.
895 1557 1015 1596 quom
1048 1543 1271 1593 credebam,
1305 1561 1356 1584 sc.
1389 1546 1464 1582 tibi
1494 1547 1601 1583 illam
1632 1560 1699 1597 pe-

203 1616 369 1651 cuniam.
402 1634 457 1638 —-
499 1614 590 1651 543.
632 1611 667 1650 Οἱ
697 1614 914 1662 spondeum
946 1615 1063 1662 facit,
1104 1630 1140 1653 v.
1173 1615 1277 1652 Prol.
1309 1629 1346 1665 p.
1382 1615 1474 1652 216.
1507 1635 1563 1639 -—
1605 1615 1697 1653 544.

202 1683 347 1719 Versus
378 1683 483 1719 iusto
517 1682 670 1730 longior
696 1689 766 1719 est.
815 1683 1032 1729 Constaret,
1066 1686 1097 1721 si
1129 1685 1169 1721 in
1200 1680 1302 1720 milei
1332 1684 1626 1729 terminaretur,
1660 1687 1700 1720 et

202 1750 392 1788 Schmidt.
426 1750 542 1787 Pron.
577 1750 790 1788 demonstr.
825 1765 862 1801 p.
899 1753 949 1789 60
983 1756 1199 1789 extremam
1231 1765 1361 1788 vocem
1405 1751 1584 1798 delebat3
1631 1751 1698 1788 sed

203 1832 245 1855 ea
279 1833 412 1855 carere
445 1820 572 1855 oratio
604 1833 681 1856 non
713 1824 858 1869 potest.
928 1819 1184 1866 Fleckeisen„
1233 1834 1350 1870 quum
1394 1822 1433 1857 in
1467 1819 1578 1856 codd.
1615 1824 1698 1866 „ta-

203 1887 339 1924 bulas‘⁴
371 1892 506 1924 extare
531 1887 629 1924 falso
656 1888 846 1925 traditum
871 1893 986 1935 esset,
1019 1889 1090 1925 hoc
1122 1902 1204 1927 voc.
1232 1891 1273 1926 in
1296 1890 1518 1938 proximum
1543 1902 1699 1926 versum

199 1956 416 2000 transtulit,
450 1955 583 2004 ibique
608 1956 747 1993 deletis
773 1957 902 1994 verbis
930 1961 997 2004 „tu
1023 1955 1142 1994 mihi“
1173 1959 1350 2007 scripsit:
1388 1956 1518 2004 „Quas
1541 1960 1585 1993 tu
1602 1957 1699 1994 mihi

200 2023 381 2069 Tabulas,
416 2037 515 2072 quos
547 2024 674 2061 luscos
707 2023 910 2062 libertos“.
974 2025 1051 2062 Sed
1083 2025 1194 2063 codd.
1231 2021 1403 2062 tabellas
1435 2025 1592 2072 habent,
1626 2038 1696 2062 nec

201 2092 268 2129 illo
301 2094 457 2128 nomine
489 2097 592 2128 recte
625 2093 914 2142 significaretur
946 2095 1136 2143 epistola,
1179 2095 1258 2131 vicl.
1294 2094 1343 2130 ad
1378 2095 1470 2130 347.
1533 2093 1698 2130 Versum

199 2160 349 2209 ἄμετρον
376 2159 600 2209 Geppertus
632 2162 716 2198 iure
749 2162 942 2198 delevisse
976 2163 1151 2209 videtur,
1184 2176 1271 2199 nam
1304 2167 1342 2198 et
1374 2161 1594 2211 superfluus
1626 2165 1696 2208 est,

196 2230 420 2277 praesertim
453 2242 569 2276 quum
605 2242 638 2266 V.
675 2231 754 2267 550
789 2244 848 2279 sq.
880 2231 1114 2267 tabellarum
1147 2232 1292 2268 mentio
1326 2230 1487 2276 redeat,
1519 2243 1590 2266 nec
1621 2226 1699 2267 has·

201 2295 363 2333 Plautus
396 2298 574 2346 scripsit,
620 2311 707 2334 nam
753 2300 785 2334 si
818 2298 923 2346 Lyco
955 2299 1122 2335 tabellas
1156 2313 1283 2336 secum
1317 2299 1521 2335 habuisset
1553 2311 1695 2347 easque

197 2364 314 2400 militi
340 2365 589 2412 ostendisset,
622 2379 854 2415 responsum
879 2368 995 2415 longe
1021 2368 1127 2404 aliud
1153 2369 1363 2417 exciperet.
1382 2386 1435 2391 —
1457 2367 1548 2404 545.
1587 2362 1698 2414 Quos

198 2432 241 2469 m
270 2429 390 2478 weilai,
439 2434 485 2471 cf.
519 2434 625 2471 Men.
661 2435 739 2471 317
773 2448 830 2483 sq.
868 2435 996 2481 „Quas
1030 2436 1231 2481 mulieres,
1275 2435 1379 2481 Quos
1419 2439 1464 2471 tu
1501 2435 1696 2485 parasitos

194 2499 421 2548 loqueris'?“
457 2521 512 2526 —
554 2503 646 2540 546.
694 2499 785 2540 Nec
815 2504 969 2539 ratione
1002 2508 1128 2549 caret,
1169 2504 1244 2540 nisi
1285 2503 1432 2540 excidit
1471 2516 1609 2539 versus
1649 2502 1697 2539 ad

193 2568 272 2605 tale
304 2569 386 2605 fere
428 2571 667 2620 exemplum:
721 2570 825 2617 „Nec
856 2571 1131 2619 Summanum.
1173 2583 1288 2620 quem
1327 2575 1370 2608 tu
1411 2570 1532 2617 dicis,
1573 2570 1698 2607 fando

197 2636 332 2674 audiui
366 2642 456 2674 ante
488 2637 589 2675 hunc
620 2638 763 2676 diem&
807 2659 861 2663 —
901 2640 993 2676 547.
1044 2636 1235 2677 lenonum
1275 2641 1406 2687 codd,
1456 2642 1562 2691 quod
1602 2643 1696 2679 ferri

193 2718 271 2741 nou
302 2710 446 2754 potest.
496 2706 629 2744 Lamb.
667 2706 885 2754 ,.militum“
916 2708 1148 2757 postulavit,
1183 2707 1316 2746 Dousa
1349 2707 1574 2756 latronum,
1607 2713 1697 2747 sunt

198 2773 301 2809 enim
342 2773 519 2811 latrones
557 2776 702 2812 milites
750 2777 998 2821 mercenarii,
1046 2789 1081 2813 v,
1116 2777 1163 2812 ad
1204 2777 1341 2814 Bacch.
1384 2778 1448 2815 24.
1524 2777 1694 2815 Primam
