1897 3171
272 207 350 244 528
922 204 1101 240 Curculio.

268 335 329 368 est
373 332 608 369 frumentum
656 346 926 382 corrumpens,
973 335 1050 371 vid.
1092 348 1127 372 V.
1171 337 1248 372 586
1290 348 1365 384 sq.,
1414 349 1526 383 quem
1573 337 1761 374 describit

266 398 490 448 *Symphosii
524 401 688 448 aenigma
719 403 758 437 in
790 401 1030 449 Anthologia
1063 403 1203 439 Latina
1236 403 1358 439 Riesii
1389 402 1418 449 I,
1451 416 1489 451 p.
1528 405 1623 442 192:

410 467 498 504 Non
530 467 655 504 bonus
687 469 881 516 agricolis,
916 484 994 506 non
1027 470 1205 518 frugibus
1237 471 1346 507 utilis
1379 471 1532 520 hospes,

410 535 497 572 Non
529 547 691 583 magnus
724 537 860 583 forma,
894 551 970 574 non
1002 542 1107 575 recto
1139 541 1294 575 nomine
1327 539 1465 585 dictus,

410 603 497 640 Non
530 609 667 651 gratus
701 604 833 642 Cereri
866 619 941 642 non
974 620 1135 655 parvam
1168 619 1275 643 sumo
1308 609 1495 654 saginam.

268 671 465 708 Ausonius
497 670 625 720 Epist.
664 674 735 709 22:
772 674 908 719 „Quod
939 676 1014 711 nisi
1046 674 1266 720 indulseris,
1301 679 1467 722 rogante
1499 689 1570 721 me,
1604 680 1701 714 ut..
1722 706 1730 713 .
1752 707 1763 714 .

267 740 392 786 frugis
424 739 713 788 aliquantulum
745 747 888 778 nostrae
922 743 1062 779 advehi
1093 744 1237 791 possit,
1282 743 1523 779 Lucaniacus
1554 748 1597 780 ut
1628 746 1763 794 inopia

268 806 462 844 liberetur
492 811 657 854 mature,
691 814 776 846 tota
808 811 877 847 illa
908 811 1057 847 familia
1081 811 1250 848 hominis
1276 811 1442 848 litterati
1466 825 1543 848 non
1571 812 1620 848 ad
1643 812 1762 849 Tullii

268 875 565 912 frumentariam
598 877 664 913 sed
697 877 745 914 ad
771 878 1042 916 Curculionem
1075 878 1206 916 Plauti
1239 877 1491 928 pertinebit&
1524 880 1623 917 nihil
1654 880 1763 917 aliud

267 945 458 993 spectavit
506 958 620 993 quan]
659 949 702 982 ut
741 947 937 983 frumento
977 951 1156 995 egentem
1197 947 1384 984 familiam
1432 961 1514 984 cum
1563 949 1761 985 esuriente

267 1014 440 1061 parasito
474 1017 689 1062 comparet.

380 1081 424 1117 In
466 1083 605 1118 ceteris
644 1095 899 1130 personarum
941 1083 1161 1120 nominibus
1199 1084 1297 1121 nihil
1330 1083 1540 1120 admodum
1572 1097 1761 1121 memora-

267 1148 345 1184 bile
379 1152 446 1186 est.
497 1149 627 1187 Facile
654 1151 756 1187 enim
782 1151 1030 1199 intelligitur,
1066 1166 1141 1201 qua
1166 1154 1318 1189 ratione
1343 1156 1463 1200 poeta
1496 1165 1608 1189 servo
1640 1152 1760 1198 fideli,

268 1217 334 1265 qui
366 1217 519 1254 honesti
550 1218 757 1267 paedagogi
786 1232 890 1256 more
916 1220 1202 1257 adolescentem
1229 1220 1364 1256 herum
1391 1220 1589 1256 moderari
1615 1221 1760 1267 studet,

270 1280 466 1323 Palinuri
497 1300 638 1323 nomen
671 1286 838 1333 dederit,
873 1290 939 1336 qui
964 1288 1099 1325 AEneae
1132 1290 1243 1325 navis
1275 1288 1519 1336 gubernator
1550 1288 1636 1325 fuit.
1683 1288 1762 1325 Nec

265 1354 394 1390 minus
414 1359 591 1403 apparet,
621 1369 697 1404 qua
722 1358 877 1393 ratione
904 1370 1017 1393 anum
1038 1357 1212 1394 bibacem
1238 1362 1276 1393 et
1299 1369 1478 1394 voracem
1506 1370 1590 1392 cum
1619 1353 1759 1403 Zeaeml,

267 1426 333 1458 aut
364 1424 599 1471 trapezitam
633 1437 804 1469 avarum,
847 1438 961 1473 quem
994 1421 1199 1474 Lyconem
1240 1424 1358 1470 dixit,
1401 1437 1485 1461 cum
1525 1425 1619 1473 lupo
1662 1437 1762 1460 com—

265 1492 485 1538 paraverit3
519 1493 684 1528 militem
718 1498 850 1529 autem
882 1506 1020 1542 parum
1052 1493 1244 1539 nobilem,
1279 1498 1396 1541 atque
1430 1491 1524 1529 adeo
1555 1505 1668 1530 servo
1700 1493 1763 1530 vel

266 1558 409 1596 liberto
450 1564 602 1606 natum,
640 1557 1040 1609 Therapowtmonmn
1087 1562 1205 1607 dixit,
1261 1556 1622 1609 Cappcndocemque
1653 1561 1760 1597 leno-

264 1641 372 1674 nem,
407 1632 447 1664 111
483 1642 529 1665 ex
562 1643 607 1665 ea
639 1631 798 1676 regione
832 1635 981 1675 ortum,
1016 1629 1117 1666 unde
1151 1630 1340 1665 vilissima
1373 1630 1570 1678 mancipia
1595 1628 1761 1665 advehe-

263 1695 418 1738 bantur,
461 1711 494 1733 v.
530 1698 667 1734 Horat.
702 1698 773 1747 Ep.
807 1697 836 1744 I,
872 1699 906 1742 6,
944 1699 991 1735 39
1027 1711 1109 1734 cun]
1144 1699 1448 1734 commentariis.
1520 1693 1762 1734 Planesium

265 1768 301 1799 et·
345 1760 621 1803 Pleoe(l}·0mu8
666 1768 824 1803 nomina
869 1767 909 1802 in
957 1766 1102 1803 Graecis
1148 1765 1323 1803 fontibus
1371 1778 1447 1802 non
1493 1766 1759 1802 inveniuntur.

265 1832 374 1876 Quod
409 1834 572 1871 Bothius
605 1836 669 1880 ait,
704 1834 849 1871 Graecis
882 1835 1094 1883 (Ιηιίδρωμον
1134 1834 1210 1870 dici
1249 1834 1379 1871 media
1410 1834 1545 1882 longa,
1588 1847 1666 1870 non
1705 1834 1762 1869 ita

265 1904 343 1946 est3
385 1900 494 1946 Quod
528 1908 657 1939 autem
691 1904 766 1951 ipsi
798 1903 1007 1950 legendum
1041 1903 1195 1939 videtur
1233 1902 1521 1948 „P11aedimus·‘,
1555 1902 1759 1949 vulgatum

264 1968 360 2004 illud
393 1971 549 2018 quidem
585 1985 725 2007 nomen
758 1975 828 2017 est,
864 1971 932 2007 sed
964 1984 1158 2020 reponere
1193 1972 1380 2007 audacius
1413 1971 1476 2007 sit.

378 2037 526 2074 Fabula
553 2040 699 2088 optime
724 2044 879 2076 morata
903 2044 941 2075 et
965 2041 1004 2075 in
1031 2041 1168 2076 ceteris
1194 2040 1370 2088 personis
1396 2038 1577 2075 decorem
1603 2039 1761 2085 egregie

264 2110 395 2142 servat
427 2110 463 2142 et
497 2110 536 2143 in
570 2107 768 2144 amoribus
812 2107 1069 2144 adolescentis
1108 2112 1146 2143 et
1184 2107 1346 2155 virginis
1386 2106 1644 2155 depingendis
1683 2107 1760 2142 sin-

262 2174 437 2222 gularem
472 2179 715 2211 venustatem
749 2176 884 2212 habet.
946 2176 1231 2224 Argumentum
1265 2179 1395 2211 autem
1427 2175 1526 2211 nihil
1557 2175 1638 2211 fere
1670 2175 1761 2211 novi

263 2243 432 2290 praebet,
481 2243 585 2292 quod
627 2257 703 2279 non
743 2245 783 2279 in
815 2244 902 2280 aliis
934 2244 1075 2280 fabulis
1108 2250 1173 2280 aut
1206 2244 1364 2279 uberius
1399 2248 1468 2279 aut
1500 2243 1627 2290 magis
1661 2243 1755 2279 ridi-

263 2311 346 2347 cule
372 2313 615 2357 inveniatur,
650 2325 770 2360 quare
804 2314 870 2360 qui
903 2314 1085 2361 antiquos
1117 2318 1257 2361 poeta-s
1289 2311 1500 2348 imitandos
1528 2311 1601 2347 sibi
1628 2323 1760 2360 sump-

263 2386 415 2425 serunt,
459 2381 536 2416 alio
576 2382 708 2429 potius
740 2394 780 2416 se
813 2386 1105 2417 converterunt.
1168 2380 1331 2416 Brevior
1363 2381 1479 2416 etiam
1513 2379 1593 2415 haec
1627 2378 1760 2415 fabula

264 2452 342 2493 est,
387 2462 502 2497 quam
534 2449 734 2498 pleraeque
767 2448 979 2494 Plautinae,
1027 2462 1098 2484 nec
1131 2452 1263 2484 tamen
1294 2448 1419 2485 multa
1452 2447 1670 2484 desiderari
1702 2448 1758 2484 vi-

263 2515 417 2551 dentur.
479 2517 582 2552 Ante
615 2531 649 2554 v.
684 2517 763 2553 274
797 2516 932 2552 folium
965 2517 1129 2562 excidit3
1177 2530 1211 2553 v.
1249 2517 1324 2553 549
1361 2517 1445 2553 duae
1478 2516 1642 2552 duorum
1677 2529 1758 2551 ver-

262 2596 374 2619 suum
405 2590 539 2632 partes
572 2584 763 2621 excidisse
795 2584 991 2630 videntur,
1027 2589 1119 2620 ante
1153 2585 1231 2621 546
1265 2585 1422 2632 integer
1453 2597 1608 2629 versus,
1653 2583 1755 2619 idem

262 2655 351 2688 ante
385 2654 462 2689 455
499 2653 684 2689 accidisse
717 2653 909 2701 suspicari
940 2665 1158 2700 possumus.
1221 2653 1395 2698 Gotzius,
1428 2653 1515 2689 Act.
1550 2651 1658 2700 Lips.
1693 2651 1756 2697 VI,

265 2733 301 2768 p.
321 2722 556 2766 278—282,
576 2721 751 2757 ultimam
780 2722 893 2757 liuius
913 2733 1035 2757 scenae
1053 2723 1205 2769 partem
1225 2717 1454 2766 (454—-60)
1474 2719 1758 2756 retractatione
