1854 3188
834 180 1056 215 Bacchides.
1640 186 1689 225 61

796 305 1024 347 Bacchis
1057 305 1097 347 S.

1020 391 1094 419 cor
1124 391 1278 428 meum,
1311 392 1405 432 spes
1436 393 1545 432 mea,

202 450 290 492 Mel
319 464 472 501 meum,
505 449 749 501 suaustudo,
783 449 916 501 cibus,
948 449 1164 503 gaudium.
1649 463 1693 496 20

205 592 302 636 Sine
333 597 377 635 te
409 607 559 635 amem.

204 737 371 789 Uincla,
402 738 564 792 uirgae,
596 736 748 789 molae,
780 736 1010 778 saeuitudo
1042 735 1158 777 mala

201 809 273 851 Fit
302 810 423 863 peior

202 953 449 1004 Latronem,
482 967 603 995 suam
634 954 706 1006 qui
737 966 843 995 auro
874 953 1011 994 uitam
1042 951 1254 993 uenditat.

790 1097 1026 1138 Bacchis
1057 1097 1106 1138 A.

207 1168 304 1211 Scio
338 1169 537 1222 spiritum
568 1169 661 1210 eius
694 1169 901 1210 maiorem
933 1183 1026 1210 esse
1058 1168 1206 1215 multo,
1652 1182 1695 1214 25

204 1241 343 1291 Quam
373 1240 496 1282 folles
527 1241 692 1282 taurini
723 1240 922 1291 halitant,
957 1254 1087 1294 quom
1117 1240 1362 1294 liquescunt

202 1312 370 1363 Petrae,
401 1311 564 1354 ferrum
595 1313 670 1354 ubi
701 1312 761 1354 fit.
824 1311 908 1354 Sed
937 1313 1125 1366 quoiatis
1158 1316 1222 1353 est
1253 1313 1315 1353 c‘s'?

794 1384 1032 1426 Bacchis
1066 1383 1106 1425 S.

204 1456 534 1498 Praenestinum
565 1457 693 1511 opino
726 1470 830 1507 esse,
862 1457 926 1497 ita
957 1460 1050 1497 erat
1081 1456 1309 1510 gloriosus.

270 1689 369 1723 illam
406 1701 528 1724 amare
559 1691 619 1724 uel
649 1690 898 1735 impatienter.
960 1689 1047 1734 Ipse
1073 1690 1160 1724 alibi
1185 1690 1304 1733 (Curc.
1332 1691 1385 1733 3):
1430 1690 1546 1734 Quem
1570 1690 1696 1726 Uenus

271 1746 488 1791 Cupidoque
522 1747 680 1791 imperat
712 1747 916 1791 suadetque
940 1747 1064 1781 Amor.
1125 1747 1268 1782 Nonius
1286 1758 1324 1791 λ).
1352 1750 1444 1782 421.-
1492 1748 1633 1793 Cupido
1661 1751 1698 1783 et

272 1815 376 1837 amor
399 1804 498 1838 idem
531 1804 740 1849 significare
773 1804 963 1847 uidentur,
999 1804 1061 1838 sed
1097 1807 1153 1838 est
1186 1804 1401 1848 diuersitas;
1436 1805 1571 1850 cupido
1599 1805 1697 1839 enim

268 1861 552 1896 inconsideratae
579 1865 636 1896 est
659 1861 907 1905 necessitatis,
937 1872 1040 1895 amor
1063 1860 1200 1895 iudicii.
1250 1861 1405 1895 Plautus
1431 1862 1695 1897 Bacchidibus:

230 1922 233 1924 ’
269 1917 438 1962 Cupidon
461 1921 585 1952 tecum
611 1919 706 1953 seuis
733 1930 826 1953 anne
852 1919 982 1952 amor?

202 1976 243 2010 19
267 1985 316 2019 sq.
342 1975 491 2010 Nonius
514 1986 553 2019 10·
580 1977 671 2010 173.-
709 1975 914 2010 Suauitudo
941 1986 1008 2019 pro
1035 1975 1209 2009 suauitas.
1253 1974 1405 2009 Plautus
1429 1975 1695 2011 Bacchidibus:

271 2043 335 2066 cor
358 2044 494 2076 meum⁷
523 2044 605 2076 spes
630 2044 722 2075 mea,
747 2033 820 2066 mel
844 2044 979 2075 meum,
1008 2032 1220 2069 suauitudo,
1250 2032 1365 2074 cibus,
1392 2032 1578 2078 gaudium.

200 2089 244 2122 21
269 2088 440 2124 Donatus
470 2091 510 2124 in
536 2089 615 2123 Ter.
642 2089 737 2123 Eun.
769 2091 810 2133 4,
844 2092 886 2133 2,
918 2091 981 2123 13:
1029 2089 1164 2123 Amare
1195 2089 1306 2122 modo
1337 2088 1409 2123 frui
1441 2101 1564 2125 amore
1596 2090 1694 2124 dicit.

273 2145 423 2180 Plautus
448 2146 487 2180 in
511 2146 758 2180 Bacchidibus
790 2146 839 2189 (v.
865 2146 941 2189 98);
990 2146 1097 2180 Prius
1130 2145 1188 2179 hic
1221 2145 1332 2180 adero
1367 2157 1476 2190 quam
1508 2150 1547 2181 te
1573 2157 1696 2181 amare

270 2202 438 2238 desinam
463 2206 500 2238 et
524 2203 609 2238 Sine
634 2206 670 2238 te
698 2214 828 2238 ameni.

201 2260 244 2294 22
269 2270 319 2303 sq.
345 2259 492 2294 Nonius
513 2271 548 2304 22·
575 2262 668 2294 172.-
724 2259 912 2295 Saeuitudo
943 2270 1010 2304 pro
1045 2259 1198 2293 saeuitia.
1258 2259 1407 2294 Plautus
1432 2260 1694 2294 Bacchidibus:

266 2315 400 2351 Uincla
425 2315 515 2351 etc.“

201 2373 247 2407 24
270 2371 420 2407 Servius
452 2373 502 2408 od
529 2372 623 2408 AEn.
649 2372 747 2416 XII,
774 2375 814 2406 7:
860 2373 1043 2407 Latrones
1068 2375 1253 2407 uocantur
1279 2373 1455 2407 conducti
1478 2373 1614 2407 milites

267 2429 419 2464 Plautus
445 2456 452 2463 .
477 2457 483 2463 .
507 2458 512 2464 .
539 2430 638 2465 idem
670 2430 709 2464 111
733 2429 981 2464 Bacchidibus
1014 2433 1207 2464 exsecutus
1235 2433 1302 2469 est,
1337 2430 1488 2464 militem
1512 2430 1695 2464 latronem

270 2485 410 2530 dicens,
438 2497 541 2520 suam
567 2487 630 2530 qui
655 2497 743 2520 auro
770 2487 884 2521 uitam
909 2486 1088 2522 uenditat.

201 2543 336 2577 25--28
360 2543 547 2578 Prisciani
569 2543 700 2588 fhaym.
728 2544 770 2578 cle
787 2545 1004 2587 pronomine
1029 2543 1264 2586 (Mus.Rhen.
1284 2543 1316 2587 Ι,
1342 2554 1378 2587 p.
1404 2541 1504 2583 316):
1544 2541 1693 2576 Plautus

267 2599 327 2635 hic
357 2600 471 2644 cuias,
503 2599 611 2634 huius
644 2601 775 2635 cuiatis
807 2600 1009 2635 declinauit
1032 2601 1071 2634 in
1096 2599 1358 2634 Bacchidibus:
1411 2598 1494 2632 Scio
1522 2598 1694 2642 spiritum

270 2655 346 2690 eius
388 2656 566 2690 maiorem
597 2668 675 2691 esse
706 2657 841 2699 inulte,
880 2669 989 2701 quam
1025 2656 1132 2692 folles
1171 2656 1306 2690 taurini
1343 2656 1514 2689 habeant.
1588 2654 1690 2689 Phil-

269 2714 439 2757 afr-(syrius
470 2713 519 2747 ad
562 2713 663 2757 Vero.
697 2713 824 2758 Georgy.
850 2714 877 2748 I
882 2714 925 2758 V,
963 2715 1049 2748 171:
1109 2713 1278 2746 Taurinis
1310 2711 1469 2746 follibus.
1517 2711 1689 2745 Plautus:

270 2779 379 2812 quam
402 2769 507 2804 folles
530 2770 668 2804 taurini
691 2770 847 2814 habent,
880 2782 964 2805 cum
995 2771 1206 2814 liquescunt
1227 2772 1361 2813 petrae,
1386 2768 1524 2802 ferrum
1549 2767 1614 2801 ubi
1637 2767 1690 2802 fit.
