<?xml version="1.0" encoding="UTF-8"?>
<!DOCTYPE html PUBLIC "-//W3C//DTD XHTML 1.0 Transitional//EN"
    "http://www.w3.org/TR/xhtml1/DTD/xhtml1-transitional.dtd">
<html xmlns="http://www.w3.org/1999/xhtml" xml:lang="en" lang="en">
 <head>
  <title>
</title>
<meta http-equiv="Content-Type" content="text/html;charset=utf-8" />
  <meta name='ocr-system' content='tesseract 3.04.00' />
  <meta name='ocr-capabilities' content='ocr_page ocr_carea ocr_par ocr_line ocrx_word'/>
</head>
<body>
  <div class='ocr_page' id='page_1' title='image "./comoediaerecensu02plauuoft_0041.png"; bbox 0 0 1854 3188; ppageno 0'>
   <div class='ocr_carea' id='block_1_1' title="bbox 129 206 1617 256">
    <p class='ocr_par' dir='ltr' id='par_1_1' title="bbox 129 206 1617 256">
     <span class='ocr_line' id='line_1_1' title="bbox 129 206 1617 256; baseline 0.001 -13"><span class='ocrx_word' id='word_1_1' title='bbox 129 206 179 253; x_wconf 89' lang='lat' dir='ltr'>II,</span> <span class='ocrx_word' id='word_1_2' title='bbox 193 210 224 251; x_wconf 85' lang='lat'>3,</span> <span class='ocrx_word' id='word_1_3' title='bbox 239 207 339 252; x_wconf 84' lang='lat'>5-4‚</span> <span class='ocrx_word' id='word_1_4' title='bbox 356 208 379 241; x_wconf 80' lang='lat'>&#39;7</span> <span class='ocrx_word' id='word_1_5' title='bbox 784 209 983 244; x_wconf 82' lang='lat' dir='ltr'><strong>Aulularia.</strong></span> <span class='ocrx_word' id='word_1_6' title='bbox 1568 218 1617 256; x_wconf 77' lang='lat'>21</span> 
     </span>
    </p>
   </div>
   <div class='ocr_carea' id='block_1_2' title="bbox 127 333 1620 821">
    <p class='ocr_par' dir='ltr' id='par_1_2' title="bbox 127 333 1620 821">
     <span class='ocr_line' id='line_1_2' title="bbox 745 333 1005 388; baseline 0.004 -13"><span class='ocrx_word' id='word_1_7' title='bbox 745 333 771 375; x_wconf 83' lang='lat' dir='ltr'>S</span> <span class='ocrx_word' id='word_1_8' title='bbox 781 337 800 375; x_wconf 77' lang='lat' dir='ltr'><strong>t</strong></span> <span class='ocrx_word' id='word_1_9' title='bbox 810 348 836 376; x_wconf 90' lang='lat' dir='ltr'>a</span> <span class='ocrx_word' id='word_1_10' title='bbox 845 349 872 388; x_wconf 91' lang='lat' dir='ltr'>p</span> <span class='ocrx_word' id='word_1_11' title='bbox 882 334 1005 388; x_wconf 79' lang='lat' dir='ltr'>hyla</span> 
     </span>
     <span class='ocr_line' id='line_1_3' title="bbox 128 403 1618 461; baseline 0.003 -12"><span class='ocrx_word' id='word_1_12' title='bbox 128 407 184 449; x_wconf 89' lang='lat' dir='ltr'>Di</span> <span class='ocrx_word' id='word_1_13' title='bbox 199 407 309 448; x_wconf 87' lang='lat' dir='ltr'>bene</span> <span class='ocrx_word' id='word_1_14' title='bbox 325 404 523 448; x_wconf 77' lang='lat' dir='ltr'>uertant!</span> <span class='ocrx_word' id='word_1_15' title='bbox 561 403 724 447; x_wconf 81' lang='lat' dir='ltr'>Uerum</span> <span class='ocrx_word' id='word_1_16' title='bbox 741 410 910 448; x_wconf 73' lang='lat' dir='ltr'>ecastor</span> <span class='ocrx_word' id='word_1_17' title='bbox 926 421 1011 448; x_wconf 85' lang='lat' dir='ltr'>non</span> <span class='ocrx_word' id='word_1_18' title='bbox 1028 410 1192 461; x_wconf 72' lang='lat' dir='ltr'>potest3</span> <span class='ocrx_word' id='word_1_19' title='bbox 1225 408 1461 452; x_wconf 73' lang='lat' dir='ltr'>subitumst</span> <span class='ocrx_word' id='word_1_20' title='bbox 1476 412 1618 453; x_wconf 88' lang='lat' dir='ltr'>nimis.</span> 
     </span>
     <span class='ocr_line' id='line_1_4' title="bbox 779 478 973 520; baseline 0 -1"><span class='ocrx_word' id='word_1_21' title='bbox 779 478 815 519; x_wconf 88' lang='lat' dir='ltr'>E</span> <span class='ocrx_word' id='word_1_22' title='bbox 827 493 856 519; x_wconf 90' lang='lat' dir='ltr'>u</span> <span class='ocrx_word' id='word_1_23' title='bbox 869 479 937 519; x_wconf 87' lang='lat' dir='ltr'>cli</span> <span class='ocrx_word' id='word_1_24' title='bbox 950 493 973 520; x_wconf 96' lang='lat' dir='ltr'>o</span> 
     </span>
     <span class='ocr_line' id='line_1_5' title="bbox 128 548 1512 606; baseline 0.001 -12"><span class='ocrx_word' id='word_1_25' title='bbox 128 552 242 594; x_wconf 83' lang='lat' dir='ltr'>Tace</span> <span class='ocrx_word' id='word_1_26' title='bbox 274 555 405 606; x_wconf 73' lang='lat' dir='ltr'>atque</span> <span class='ocrx_word' id='word_1_27' title='bbox 436 549 519 592; x_wconf 88' lang='lat' dir='ltr'>abi.</span> <span class='ocrx_word' id='word_1_28' title='bbox 574 548 735 592; x_wconf 73' lang='lat' dir='ltr'>Curata</span> <span class='ocrx_word' id='word_1_29' title='bbox 765 549 835 592; x_wconf 85' lang='lat' dir='ltr'>fac</span> <span class='ocrx_word' id='word_1_30' title='bbox 865 551 961 603; x_wconf 74' lang='lat' dir='ltr'>sint,</span> <span class='ocrx_word' id='word_1_31' title='bbox 994 565 1123 605; x_wconf 85' lang='lat' dir='ltr'>quom</span> <span class='ocrx_word' id='word_1_32' title='bbox 1155 566 1181 593; x_wconf 92' lang='lat' dir='ltr'>a</span> <span class='ocrx_word' id='word_1_33' title='bbox 1210 552 1304 594; x_wconf 83' lang='lat' dir='ltr'>foro</span> <span class='ocrx_word' id='word_1_34' title='bbox 1336 554 1512 596; x_wconf 79' lang='lat' dir='ltr'>redeam</span> 
     </span>
     <span class='ocr_line' id='line_1_6' title="bbox 1080 623 1620 676; baseline 0.002 -12"><span class='ocrx_word' id='word_1_35' title='bbox 1080 623 1274 676; x_wconf 78' lang='lat' dir='ltr'>domum3</span> <span class='ocrx_word' id='word_1_36' title='bbox 1554 638 1620 671; x_wconf 77' lang='lat'>265</span> 
     </span>
     <span class='ocr_line' id='line_1_7' title="bbox 127 694 1181 751; baseline -0.001 -13"><span class='ocrx_word' id='word_1_37' title='bbox 127 697 270 751; x_wconf 78' lang='lat' dir='ltr'>Atque</span> <span class='ocrx_word' id='word_1_38' title='bbox 302 695 479 737; x_wconf 82' lang='lat' dir='ltr'>occlude</span> <span class='ocrx_word' id='word_1_39' title='bbox 511 694 643 736; x_wconf 83' lang='lat' dir='ltr'>aedis.</span> <span class='ocrx_word' id='word_1_40' title='bbox 703 694 795 736; x_wconf 88' lang='lat' dir='ltr'>Iam</span> <span class='ocrx_word' id='word_1_41' title='bbox 827 708 904 748; x_wconf 83' lang='lat' dir='ltr'>ego</span> <span class='ocrx_word' id='word_1_42' title='bbox 936 695 1006 736; x_wconf 92' lang='lat' dir='ltr'>hic</span> <span class='ocrx_word' id='word_1_43' title='bbox 1038 696 1181 738; x_wconf 88' lang='lat' dir='ltr'>adero.</span> 
     </span>
     <span class='ocr_line' id='line_1_8' title="bbox 743 765 1005 821; baseline 0 -13"><span class='ocrx_word' id='word_1_44' title='bbox 743 765 769 807; x_wconf 84' lang='lat' dir='ltr'>S</span> <span class='ocrx_word' id='word_1_45' title='bbox 781 771 800 808; x_wconf 75' lang='lat' dir='ltr'>t</span> <span class='ocrx_word' id='word_1_46' title='bbox 810 781 835 808; x_wconf 88' lang='lat' dir='ltr'>a</span> <span class='ocrx_word' id='word_1_47' title='bbox 844 782 871 821; x_wconf 91' lang='lat' dir='ltr'>p</span> <span class='ocrx_word' id='word_1_48' title='bbox 883 767 911 808; x_wconf 88' lang='lat' dir='ltr'>h</span> <span class='ocrx_word' id='word_1_49' title='bbox 920 768 968 821; x_wconf 86' lang='lat' dir='ltr'>y]</span> <span class='ocrx_word' id='word_1_50' title='bbox 980 782 1005 808; x_wconf 87' lang='lat' dir='ltr'>a</span> 
     </span>
    </p>
   </div>
   <div class='ocr_carea' id='block_1_3' title="bbox 125 839 1619 1388">
    <p class='ocr_par' dir='ltr' id='par_1_3' title="bbox 125 839 1619 1388">
     <span class='ocr_line' id='line_1_9' title="bbox 1066 839 1618 895; baseline 0.004 -14"><span class='ocrx_word' id='word_1_51' title='bbox 1066 839 1178 889; x_wconf 80' lang='lat' dir='ltr'>Quid</span> <span class='ocrx_word' id='word_1_52' title='bbox 1210 855 1287 894; x_wconf 82' lang='lat' dir='ltr'>ego</span> <span class='ocrx_word' id='word_1_53' title='bbox 1318 855 1432 882; x_wconf 79' lang='lat' dir='ltr'>nunc</span> <span class='ocrx_word' id='word_1_54' title='bbox 1464 842 1618 895; x_wconf 79' lang='lat' dir='ltr'>agam?</span> 
     </span>
     <span class='ocr_line' id='line_1_10' title="bbox 126 910 1575 966; baseline -0.001 -11"><span class='ocrx_word' id='word_1_55' title='bbox 126 914 250 955; x_wconf 87' lang='lat' dir='ltr'>Nunc</span> <span class='ocrx_word' id='word_1_56' title='bbox 280 912 405 954; x_wconf 83' lang='lat' dir='ltr'>nobis</span> <span class='ocrx_word' id='word_1_57' title='bbox 435 925 572 965; x_wconf 84' lang='lat' dir='ltr'>prope</span> <span class='ocrx_word' id='word_1_58' title='bbox 604 910 728 952; x_wconf 77' lang='lat' dir='ltr'>adest</span> <span class='ocrx_word' id='word_1_59' title='bbox 759 912 948 963; x_wconf 76' lang='lat' dir='ltr'>exitium,</span> <span class='ocrx_word' id='word_1_60' title='bbox 980 913 1085 953; x_wconf 90' lang='lat' dir='ltr'>mihi</span> <span class='ocrx_word' id='word_1_61' title='bbox 1117 917 1249 966; x_wconf 74' lang='lat' dir='ltr'>atque</span> <span class='ocrx_word' id='word_1_62' title='bbox 1280 913 1407 954; x_wconf 81' lang='lat' dir='ltr'>herili</span> <span class='ocrx_word' id='word_1_63' title='bbox 1438 912 1575 965; x_wconf 80' lang='lat' dir='ltr'>filiae3</span> 
     </span>
     <span class='ocr_line' id='line_1_11' title="bbox 126 983 1617 1039; baseline -0.001 -12"><span class='ocrx_word' id='word_1_64' title='bbox 126 986 255 1027; x_wconf 88' lang='lat' dir='ltr'>Nam·</span> <span class='ocrx_word' id='word_1_65' title='bbox 277 983 482 1038; x_wconf 83' lang='lat' dir='ltr'>probrum</span> <span class='ocrx_word' id='word_1_66' title='bbox 520 986 652 1036; x_wconf 50' lang='lat' dir='ltr'>abque</span> <span class='ocrx_word' id='word_1_67' title='bbox 690 984 914 1037; x_wconf 73' lang='lat' dir='ltr'>partitudo</span> <span class='ocrx_word' id='word_1_68' title='bbox 945 998 1080 1038; x_wconf 85' lang='lat' dir='ltr'>prope</span> <span class='ocrx_word' id='word_1_69' title='bbox 1112 985 1236 1026; x_wconf 76' lang='lat' dir='ltr'>adest</span> <span class='ocrx_word' id='word_1_70' title='bbox 1267 990 1314 1026; x_wconf 74' lang='lat' dir='ltr'>ut</span> <span class='ocrx_word' id='word_1_71' title='bbox 1344 985 1421 1027; x_wconf 73' lang='lat' dir='ltr'>fiat</span> <span class='ocrx_word' id='word_1_72' title='bbox 1452 985 1617 1039; x_wconf 74' lang='lat' dir='ltr'>palam3</span> 
     </span>
     <span class='ocr_line' id='line_1_12' title="bbox 129 1055 1595 1110; baseline -0.001 -11"><span class='ocrx_word' id='word_1_73' title='bbox 129 1057 252 1108; x_wconf 86' lang='lat' dir='ltr'>Quod</span> <span class='ocrx_word' id='word_1_74' title='bbox 285 1057 473 1098; x_wconf 75' lang='lat' dir='ltr'>celatum</span> <span class='ocrx_word' id='word_1_75' title='bbox 505 1059 636 1109; x_wconf 74' lang='lat' dir='ltr'>atque</span> <span class='ocrx_word' id='word_1_76' title='bbox 668 1055 976 1098; x_wconf 76' lang='lat' dir='ltr'>occultatumst</span> <span class='ocrx_word' id='word_1_77' title='bbox 1006 1070 1142 1110; x_wconf 86' lang='lat' dir='ltr'>usque</span> <span class='ocrx_word' id='word_1_78' title='bbox 1174 1057 1335 1107; x_wconf 84' lang='lat' dir='ltr'>adhuc,</span> <span class='ocrx_word' id='word_1_79' title='bbox 1367 1071 1480 1098; x_wconf 85' lang='lat' dir='ltr'>nunc</span> <span class='ocrx_word' id='word_1_80' title='bbox 1510 1072 1595 1098; x_wconf 86' lang='lat' dir='ltr'>non</span> 
     </span>
     <span class='ocr_line' id='line_1_13' title="bbox 1078 1133 1235 1182; baseline 0 -12"><span class='ocrx_word' id='word_1_81' title='bbox 1078 1133 1235 1182; x_wconf 72' lang='lat' dir='ltr'>potest.</span> 
     </span>
     <span class='ocr_line' id='line_1_14' title="bbox 126 1200 1506 1255; baseline -0.001 -11"><span class='ocrx_word' id='word_1_82' title='bbox 126 1203 203 1244; x_wconf 87' lang='lat' dir='ltr'>Ibo</span> <span class='ocrx_word' id='word_1_83' title='bbox 234 1203 360 1254; x_wconf 72' lang='lat' dir='ltr'>intro,</span> <span class='ocrx_word' id='word_1_84' title='bbox 392 1204 452 1251; x_wconf 75' lang='lat' dir='ltr'>ut,</span> <span class='ocrx_word' id='word_1_85' title='bbox 487 1214 584 1241; x_wconf 90' lang='lat' dir='ltr'>erus</span> <span class='ocrx_word' id='word_1_86' title='bbox 617 1213 728 1252; x_wconf 84' lang='lat' dir='ltr'>quae</span> <span class='ocrx_word' id='word_1_87' title='bbox 760 1200 990 1254; x_wconf 67' lang='lat' dir='ltr'>inperauit,</span> <span class='ocrx_word' id='word_1_88' title='bbox 1024 1201 1152 1252; x_wconf 70' lang='lat' dir='ltr'>facta‚</span> <span class='ocrx_word' id='word_1_89' title='bbox 1185 1216 1314 1255; x_wconf 85' lang='lat' dir='ltr'>quom</span> <span class='ocrx_word' id='word_1_90' title='bbox 1346 1202 1506 1253; x_wconf 72' lang='lat' dir='ltr'>ueniat,</span> 
     </span>
     <span class='ocr_line' id='line_1_15' title="bbox 1080 1274 1619 1325; baseline 0.006 -11"><span class='ocrx_word' id='word_1_91' title='bbox 1080 1274 1210 1325; x_wconf 74' lang='lat' dir='ltr'>sient3</span> <span class='ocrx_word' id='word_1_92' title='bbox 1553 1284 1619 1317; x_wconf 78' lang='lat'>270</span> 
     </span>
     <span class='ocr_line' id='line_1_16' title="bbox 125 1344 1521 1388; baseline -0.001 0"><span class='ocrx_word' id='word_1_93' title='bbox 125 1347 238 1388; x_wconf 89' lang='lat' dir='ltr'>Nam</span> <span class='ocrx_word' id='word_1_94' title='bbox 269 1349 441 1388; x_wconf 74' lang='lat' dir='ltr'>ecastor</span> <span class='ocrx_word' id='word_1_95' title='bbox 471 1344 633 1386; x_wconf 82' lang='lat' dir='ltr'>malum</span> <span class='ocrx_word' id='word_1_96' title='bbox 663 1358 859 1386; x_wconf 82' lang='lat' dir='ltr'>maerore</span> <span class='ocrx_word' id='word_1_97' title='bbox 890 1349 1035 1387; x_wconf 75' lang='lat' dir='ltr'>metuo</span> <span class='ocrx_word' id='word_1_98' title='bbox 1066 1360 1118 1387; x_wconf 83' lang='lat' dir='ltr'>ne</span> <span class='ocrx_word' id='word_1_99' title='bbox 1149 1346 1331 1387; x_wconf 75' lang='lat' dir='ltr'>mixtum</span> <span class='ocrx_word' id='word_1_100' title='bbox 1362 1345 1521 1387; x_wconf 82' lang='lat' dir='ltr'>bibam.</span> 
     </span>
    </p>
   </div>
   <div class='ocr_carea' id='block_1_4' title="bbox 177 1674 1562 1791">
    <p class='ocr_par' dir='ltr' id='par_1_4' title="bbox 177 1674 1562 1791">
     <span class='ocr_line' id='line_1_17' title="bbox 177 1674 1562 1727; baseline -0.001 -9"><span class='ocrx_word' id='word_1_101' title='bbox 177 1674 488 1718; x_wconf 80' lang='lat' dir='ltr'>STROBILUS</span> <span class='ocrx_word' id='word_1_102' title='bbox 521 1674 753 1716; x_wconf 80' lang='lat' dir='ltr'><strong>SERUOS.</strong></span> <span class='ocrx_word' id='word_1_103' title='bbox 814 1674 1088 1716; x_wconf 80' lang='lat' dir='ltr'><strong>ANTHRAX</strong></span> <span class='ocrx_word' id='word_1_104' title='bbox 1120 1674 1387 1727; x_wconf 66' lang='lat' dir='ltr'>CONGRIO,</span> <span class='ocrx_word' id='word_1_105' title='bbox 1421 1674 1562 1717; x_wconf 87' lang='lat' dir='ltr'>COCI.</span> 
     </span>
     <span class='ocr_line' id='line_1_18' title="bbox 429 1745 1313 1791; baseline -0.002 -10"><span class='ocrx_word' id='word_1_106' title='bbox 429 1745 659 1791; x_wconf 82' lang='lat' dir='ltr'><strong>(PHRYGIA</strong></span> <span class='ocrx_word' id='word_1_107' title='bbox 682 1745 949 1788; x_wconf 83' lang='lat' dir='ltr'>ELEUSIUM,</span> <span class='ocrx_word' id='word_1_108' title='bbox 975 1746 1222 1780; x_wconf 80' lang='lat' dir='ltr'>TIBICINAE</span> <span class='ocrx_word' id='word_1_109' title='bbox 1250 1746 1313 1789; x_wconf 85' lang='lat' dir='ltr'>II.)</span> 
     </span>
    </p>
   </div>
   <div class='ocr_carea' id='block_1_5' title="bbox 121 1849 1262 2120">
    <p class='ocr_par' dir='ltr' id='par_1_5' title="bbox 121 1849 1262 2120">
     <span class='ocr_line' id='line_1_19' title="bbox 734 1849 1014 1891; baseline 0 0"><span class='ocrx_word' id='word_1_110' title='bbox 734 1849 1014 1891; x_wconf 76' lang='lat' dir='ltr'>Strobilus</span> 
     </span>
     <span class='ocr_line' id='line_1_20' title="bbox 121 1922 1262 1977; baseline -0.001 -13"><span class='ocrx_word' id='word_1_111' title='bbox 121 1923 360 1977; x_wconf 77' lang='lat' dir='ltr'>Postquam</span> <span class='ocrx_word' id='word_1_112' title='bbox 391 1923 623 1976; x_wconf 73' lang='lat' dir='ltr'>opsonauit</span> <span class='ocrx_word' id='word_1_113' title='bbox 655 1936 753 1964; x_wconf 86' lang='lat' dir='ltr'>erus</span> <span class='ocrx_word' id='word_1_114' title='bbox 786 1926 829 1963; x_wconf 77' lang='lat' dir='ltr'>et</span> <span class='ocrx_word' id='word_1_115' title='bbox 861 1922 1068 1976; x_wconf 74' lang='lat' dir='ltr'>conduxit</span> <span class='ocrx_word' id='word_1_116' title='bbox 1100 1936 1262 1976; x_wconf 87' lang='lat' dir='ltr'>coquos</span> 
     </span>
     <span class='ocr_line' id='line_1_21' title="bbox 122 1994 1242 2049; baseline -0.002 -13"><span class='ocrx_word' id='word_1_117' title='bbox 122 1995 428 2047; x_wconf 82' lang='lat' dir='ltr'>Tibicinasque</span> <span class='ocrx_word' id='word_1_118' title='bbox 458 1995 590 2036; x_wconf 88' lang='lat' dir='ltr'>hasce</span> <span class='ocrx_word' id='word_1_119' title='bbox 623 1994 740 2049; x_wconf 85' lang='lat' dir='ltr'>apud</span> <span class='ocrx_word' id='word_1_120' title='bbox 770 1994 925 2045; x_wconf 86' lang='lat' dir='ltr'>forum,</span> <span class='ocrx_word' id='word_1_121' title='bbox 959 1994 1093 2035; x_wconf 71' lang='lat' dir='ltr'>edixit</span> <span class='ocrx_word' id='word_1_122' title='bbox 1124 1995 1242 2045; x_wconf 63' lang='lat' dir='ltr'>mihi⁹</span> 
     </span>
     <span class='ocr_line' id='line_1_22' title="bbox 123 2066 1148 2120; baseline -0.003 -11"><span class='ocrx_word' id='word_1_123' title='bbox 123 2067 183 2109; x_wconf 78' lang='lat' dir='ltr'>Ut</span> <span class='ocrx_word' id='word_1_124' title='bbox 214 2067 487 2120; x_wconf 72' lang='lat' dir='ltr'>dispertirem</span> <span class='ocrx_word' id='word_1_125' title='bbox 518 2066 544 2119; x_wconf 56' lang='grc' dir='ltr'>νΤ</span> <span class='ocrx_word' id='word_1_126' title='bbox 577 2067 802 2120; x_wconf 81' lang='lat' dir='ltr'>opsonium</span> <span class='ocrx_word' id='word_1_127' title='bbox 833 2066 903 2107; x_wconf 87' lang='lat' dir='ltr'>hic</span> <span class='ocrx_word' id='word_1_128' title='bbox 935 2066 1148 2107; x_wconf 82' lang='lat' dir='ltr'>bifariam.</span> 
     </span>
    </p>
   </div>
   <div class='ocr_carea' id='block_1_6' title="bbox 121 2137 1615 2396">
    <p class='ocr_par' dir='ltr' id='par_1_6' title="bbox 121 2137 1615 2336">
     <span class='ocr_line' id='line_1_23' title="bbox 754 2137 986 2179; baseline 0 0"><span class='ocrx_word' id='word_1_129' title='bbox 754 2137 860 2179; x_wconf 88' lang='lat' dir='ltr'>Con</span> <span class='ocrx_word' id='word_1_130' title='bbox 906 2139 986 2179; x_wconf 89' lang='lat' dir='ltr'>rio</span> 
     </span>
     <span class='ocr_line' id='line_1_24' title="bbox 121 2153 1615 2264; baseline 0.003 -14"><span class='ocrx_word' id='word_1_131' title='bbox 121 2210 190 2251; x_wconf 75' lang='lat' dir='ltr'>Me</span> <span class='ocrx_word' id='word_1_132' title='bbox 223 2210 398 2264; x_wconf 90' lang='lat' dir='ltr'>quidem</span> <span class='ocrx_word' id='word_1_133' title='bbox 427 2210 585 2262; x_wconf 79' lang='lat' dir='ltr'>hercle,</span> <span class='ocrx_word' id='word_1_134' title='bbox 620 2210 760 2252; x_wconf 89' lang='lat' dir='ltr'>dicam</span> <span class='ocrx_word' id='word_1_135' title='bbox 795 2153 1057 2264; x_wconf 71' lang='lat' dir='ltr'>tibigpalam‚</span> <span class='ocrx_word' id='word_1_136' title='bbox 1089 2224 1176 2251; x_wconf 83' lang='lat' dir='ltr'>non</span> <span class='ocrx_word' id='word_1_137' title='bbox 1208 2211 1390 2253; x_wconf 89' lang='lat' dir='ltr'>diuides.</span> <span class='ocrx_word' id='word_1_138' title='bbox 1549 2222 1615 2255; x_wconf 79' lang='lat'>275</span> 
     </span>
     <span class='ocr_line' id='line_1_25' title="bbox 123 2281 1205 2336; baseline 0 -13"><span class='ocrx_word' id='word_1_139' title='bbox 123 2281 167 2323; x_wconf 73' lang='lat' dir='ltr'>Si</span> <span class='ocrx_word' id='word_1_140' title='bbox 198 2296 284 2336; x_wconf 86' lang='lat' dir='ltr'>quo</span> <span class='ocrx_word' id='word_1_141' title='bbox 315 2286 364 2323; x_wconf 75' lang='lat' dir='ltr'>tu</span> <span class='ocrx_word' id='word_1_142' title='bbox 394 2286 536 2323; x_wconf 79' lang='lat' dir='ltr'>totum</span> <span class='ocrx_word' id='word_1_143' title='bbox 565 2296 632 2324; x_wconf 91' lang='lat' dir='ltr'>me</span> <span class='ocrx_word' id='word_1_144' title='bbox 663 2283 726 2323; x_wconf 88' lang='lat' dir='ltr'>ire</span> <span class='ocrx_word' id='word_1_145' title='bbox 758 2283 837 2333; x_wconf 88' lang='lat' dir='ltr'>uis,</span> <span class='ocrx_word' id='word_1_146' title='bbox 871 2296 1048 2336; x_wconf 87' lang='lat' dir='ltr'>operam</span> <span class='ocrx_word' id='word_1_147' title='bbox 1081 2283 1205 2324; x_wconf 90' lang='lat' dir='ltr'>dabo.</span> 
     </span>
    </p>

    <p class='ocr_par' dir='ltr' id='par_1_7' title="bbox 746 2354 991 2396">
     <span class='ocr_line' id='line_1_26' title="bbox 746 2354 991 2396; baseline -0.004 -1"><span class='ocrx_word' id='word_1_148' title='bbox 746 2354 991 2396; x_wconf 70' lang='lat' dir='ltr'>Anthrax</span> 
     </span>
    </p>
   </div>
   <div class='ocr_carea' id='block_1_7' title="bbox 119 2426 1248 2552">
    <p class='ocr_par' dir='ltr' id='par_1_8' title="bbox 119 2426 1248 2552">
     <span class='ocr_line' id='line_1_27' title="bbox 120 2426 1234 2480; baseline 0.001 -13"><span class='ocrx_word' id='word_1_149' title='bbox 120 2426 291 2467; x_wconf 85' lang='lat' dir='ltr'>Bellum</span> <span class='ocrx_word' id='word_1_150' title='bbox 324 2430 367 2468; x_wconf 74' lang='lat' dir='ltr'>et</span> <span class='ocrx_word' id='word_1_151' title='bbox 396 2426 605 2480; x_wconf 84' lang='lat' dir='ltr'>pudicum</span> <span class='ocrx_word' id='word_1_152' title='bbox 635 2440 740 2468; x_wconf 91' lang='lat' dir='ltr'>uero</span> <span class='ocrx_word' id='word_1_153' title='bbox 771 2426 1064 2480; x_wconf 71' lang='lat' dir='ltr'>prostibulum</span> <span class='ocrx_word' id='word_1_154' title='bbox 1096 2427 1234 2480; x_wconf 80' lang='lat' dir='ltr'>popli!</span> 
     </span>
     <span class='ocr_line' id='line_1_28' title="bbox 119 2498 1248 2552; baseline 0 -13"><span class='ocrx_word' id='word_1_155' title='bbox 119 2499 210 2549; x_wconf 72' lang='lat' dir='ltr'>Pol,</span> <span class='ocrx_word' id='word_1_156' title='bbox 244 2499 280 2539; x_wconf 86' lang='lat' dir='ltr'>si</span> <span class='ocrx_word' id='word_1_157' title='bbox 312 2499 408 2552; x_wconf 84' lang='lat' dir='ltr'>quis</span> <span class='ocrx_word' id='word_1_158' title='bbox 439 2498 584 2550; x_wconf 48' lang='lat' dir='ltr'>uelles,</span> <span class='ocrx_word' id='word_1_159' title='bbox 616 2502 659 2540; x_wconf 72' lang='lat' dir='ltr'>‘ce</span> <span class='ocrx_word' id='word_1_160' title='bbox 689 2498 808 2539; x_wconf 90' lang='lat' dir='ltr'>haud</span> <span class='ocrx_word' id='word_1_161' title='bbox 838 2499 1064 2540; x_wconf 85' lang='lat' dir='ltr'>nonuelles</span> <span class='ocrx_word' id='word_1_162' title='bbox 1098 2499 1248 2540; x_wconf 75' lang='lat' dir='ltr'>diuidi.</span> 
     </span>
    </p>
   </div>
   <div class='ocr_carea' id='block_1_8' title="bbox 121 2581 423 2587">
    <p class='ocr_par' dir='ltr' id='par_1_9' title="bbox 121 2581 423 2587">
     <span class='ocr_line' id='line_1_29' title="bbox 121 2581 423 2587; baseline 0 0"><span class='ocrx_word' id='word_1_163' title='bbox 121 2581 423 2587; x_wconf 95' lang='lat' dir='ltr'> </span> 
     </span>
    </p>
   </div>
   <div class='ocr_carea' id='block_1_9' title="bbox 211 2613 1512 2707">
    <p class='ocr_par' dir='ltr' id='par_1_10' title="bbox 211 2613 1512 2707">
     <span class='ocr_line' id='line_1_30' title="bbox 211 2613 1199 2653; baseline 0.001 -5"><span class='ocrx_word' id='word_1_164' title='bbox 211 2615 277 2648; x_wconf 76' lang='grc'>268</span> <span class='ocrx_word' id='word_1_165' title='bbox 300 2613 406 2648; x_wconf 83' lang='lat' dir='ltr'>Nunc</span> <span class='ocrx_word' id='word_1_166' title='bbox 485 2616 550 2648; x_wconf 91' lang='grc'>271</span> <span class='ocrx_word' id='word_1_167' title='bbox 575 2626 757 2649; x_wconf 84' lang='lat' dir='ltr'>merorem</span> <span class='ocrx_word' id='word_1_168' title='bbox 781 2619 905 2650; x_wconf 71' lang='lat' dir='ltr'>metuo</span> <span class='ocrx_word' id='word_1_169' title='bbox 931 2627 977 2650; x_wconf 86' lang='lat' dir='ltr'>ne</span> <span class='ocrx_word' id='word_1_170' title='bbox 1001 2617 1199 2653; x_wconf 74' lang='lat' dir='ltr'>minixtum</span> 
     </span>
     <span class='ocr_line' id='line_1_31' title="bbox 326 2670 1512 2707; baseline 0.001 -3"><span class='ocrx_word' id='word_1_171' title='bbox 326 2670 590 2707; x_wconf 86' lang='lat' dir='ltr'><strong>STRIBOLUS</strong></span> <span class='ocrx_word' id='word_1_172' title='bbox 616 2671 802 2707; x_wconf 81' lang='lat' dir='ltr'>SERUUS</span> <span class='ocrx_word' id='word_1_173' title='bbox 876 2672 1124 2707; x_wconf 86' lang='lat' dir='ltr'><strong>ARETHAX.</strong></span> <span class='ocrx_word' id='word_1_174' title='bbox 1152 2670 1377 2706; x_wconf 76' lang='lat' dir='ltr'>CONGRIO.</span> <span class='ocrx_word' id='word_1_175' title='bbox 1408 2671 1512 2705; x_wconf 81' lang='lat' dir='ltr'>COCI</span> 
     </span>
    </p>
   </div>
   <div class='ocr_carea' id='block_1_10' title="bbox 120 2731 1472 2841">
    <p class='ocr_par' dir='ltr' id='par_1_11' title="bbox 120 2731 1472 2841">
     <span class='ocr_line' id='line_1_32' title="bbox 381 2731 1399 2776; baseline 0 -3"><span class='ocrx_word' id='word_1_176' title='bbox 381 2731 604 2775; x_wconf 63' lang='lat' dir='ltr'>PHRVSIV.</span> <span class='ocrx_word' id='word_1_177' title='bbox 629 2732 886 2775; x_wconf 58' lang='lat' dir='ltr'><strong>EXFLESIV‘.</strong></span> <span class='ocrx_word' id='word_1_178' title='bbox 913 2740 1150 2776; x_wconf 84' lang='lat' dir='ltr'>TIBICINAE.</span> <span class='ocrx_word' id='word_1_179' title='bbox 1176 2740 1210 2774; x_wconf 91' lang='lat' dir='ltr'>II</span> <span class='ocrx_word' id='word_1_180' title='bbox 1238 2740 1399 2774; x_wconf 78' lang='lat' dir='ltr'>SENEX</span> 
     </span>
     <span class='ocr_line' id='line_1_33' title="bbox 120 2795 1472 2841; baseline 0.002 -12"><span class='ocrx_word' id='word_1_181' title='bbox 120 2797 187 2830; x_wconf 90' lang='grc'>272</span> <span class='ocrx_word' id='word_1_182' title='bbox 210 2795 396 2840; x_wconf 84' lang='lat' dir='ltr'>Posquam</span> <span class='ocrx_word' id='word_1_183' title='bbox 489 2797 554 2832; x_wconf 84' lang='grc'>273</span> <span class='ocrx_word' id='word_1_184' title='bbox 580 2797 849 2841; x_wconf 84' lang='lat' dir='ltr'>Tibicenasque</span> <span class='ocrx_word' id='word_1_185' title='bbox 943 2799 1008 2832; x_wconf 81' lang='grc'>275</span> <span class='ocrx_word' id='word_1_186' title='bbox 1033 2798 1103 2832; x_wconf 66' lang='lat' dir='ltr'>tibi</span> <span class='ocrx_word' id='word_1_187' title='bbox 1129 2808 1193 2832; x_wconf 82' lang='lat' dir='ltr'>om.</span> <span class='ocrx_word' id='word_1_188' title='bbox 1290 2798 1356 2831; x_wconf 82' lang='grc'>278</span> <span class='ocrx_word' id='word_1_189' title='bbox 1380 2797 1472 2832; x_wconf 70' lang='lat' dir='ltr'>Post,</span> 
     </span>
    </p>
   </div>
  </div>
 </body>
</html>
