1897 3171
792 181 835 226 V,
861 185 1050 219 392—413.
1583 190 1661 229 559

173 313 337 364 probari
379 315 532 361 potest,
581 311 687 360 quod
725 312 810 357 alii,
860 316 904 349 ut
942 312 1140 359 Merclin.,
1186 315 1272 354 Ind.
1304 315 1425 366 Dorp.
1465 329 1503 365 p.
1538 318 1580 362 8,
1628 322 1667 353 et

176 381 342 418 Lorenz.
374 382 414 417 in
444 379 583 417 Philol.
618 379 744 426 XXX,
775 392 813 428 p.
850 382 926 418 589
959 394 981 417 a
1014 394 1094 419 voc.
1128 395 1164 430 q.
1198 396 1229 419 e.
1262 384 1426 421 incomis
1461 381 1499 431 (o
1531 383 1665 433 longo)

179 449 319 486 ducere
343 451 545 486 conantur.
564 467 618 472 —
643 446 736 485 401.
770 446 886 495 Lyco,
916 450 1028 497 quasi
1052 450 1252 498 propriam
1277 451 1355 487 vim
1382 451 1492 488 verbi
1516 455 1664 497 tenens,

178 518 210 554 si
241 517 280 554 in
312 517 526 562 comitium,
558 516 699 564 inquit,
731 517 770 551 te
801 515 941 552 ducere
972 529 1049 553 non
1076 517 1178 563 licet,
1212 531 1302 555 num
1328 519 1367 555 in
1391 519 1517 556 forum
1544 517 1666 557 licet?

176 584 262 623 Hoc
293 588 424 622 autem
456 583 574 620 simili
603 583 725 620 verbo
757 582 962 632 significat,
998 580 1192 632 inforare,
1227 586 1333 635 quod
1364 591 1569 624 enarratur
1605 588 1668 633 „in

177 652 264 690 foro
295 648 511 702 placitare“
554 651 602 688 ab
634 651 806 697 Isidoro,
855 651 980 689 Gloss.
1013 665 1050 701 p.
1087 654 1185 699 683,
1234 667 1346 702 quem
1386 654 1515 691 locum
1555 654 1669 691 affert

178 721 340 767 Loewe,
387 719 589 757 Prodrom.
621 733 660 769 p.
695 720 793 764 261,
842 719 1008 756 addens:
1060 721 1277 769 „placitare
1318 721 1418 758 idem
1466 726 1523 758 est
1563 723 1667 771 quod

176 789 335 838 litigare
377 788 482 838 apud
519 787 662 825 infimae
701 792 739 824 et
780 787 916 824 mediae
960 789 1085 825 aetatis
1123 788 1376 838 script01·es“.
1436 790 1598 827 Plautus
1629 792 1668 827 in

179 870 263 894 eam
295 855 622 904 significationem
660 855 817 893 flexisse
858 856 1016 893 videtur
1055 870 1186 893 vocem
1226 858 1386 907 proprie
1418 858 1532 907 longe
1564 858 1669 895 aliud

177 924 483 973 significantem,
526 923 728 961 derivatur
768 926 869 962 enim
910 937 931 961 a
969 924 1136 962 forando
1178 923 1311 971 (Most.
1354 925 1443 972 52),
1490 939 1525 962 v.
1566 926 1667 963 Plin.

178 993 281 1030 Hist.
308 1000 387 1030 nat.
412 992 536 1038 XVII,
568 993 629 1039 14,
660 993 722 1038 24,
761 994 859 1030 102:
896 993 1115 1039 ..timebant
1144 994 1262 1041 prisci
1293 997 1477 1030 truncum
1508 993 1668 1039 findere,

177 1074 266 1098 mox
296 1061 469 1098 inforare
502 1062 586 1097 ausi
618 1059 796 1106 medio“;
829 1074 899 1097 nec
931 1060 978 1097 ab
1011 1062 1057 1097 iis
1086 1061 1293 1098 dissentire
1321 1061 1456 1107 audeo,
1490 1063 1557 1110 qui
1580 1061 1616 1099 h.
1645 1062 1670 1099 l.

179 1129 388 1166 obscenam
427 1129 505 1165 vim
543 1128 664 1166 verbo
703 1128 894 1166 tribuunt.
972 1128 1114 1165 Verum
1157 1128 1203 1164 de
1241 1131 1414 1166 numeris
1454 1129 1669 1167 dubitatur.

180 1196 318 1234 Oratio
345 1195 504 1245 quidem
529 1197 587 1232 ita
617 1195 690 1232 sibi
722 1200 884 1242 constat,
918 1201 963 1233 ut
995 1197 1088 1246 quid
1120 1198 1262 1234 mutari
1293 1199 1419 1248 possit
1448 1211 1526 1234 non
1557 1197 1670 1234 intel-

179 1264 350 1314 ligatur,
398 1264 465 1301 sed
495 1277 631 1301 versus
663 1265 820 1302 recitari
852 1265 1009 1314 nequit,
1051 1266 1128 1301 nisi
1161 1270 1199 1301 et
1231 1266 1357 1302 altera
1388 1265 1538 1314 syllaba
1568 1266 1673 1302 vocis

185 1329 397 1379 „Licetne“
435 1336 473 1368 et
508 1333 639 1381 prima
669 1332 776 1370 vocis
811 1330 1105 1378 ,.incomitiare“
1137 1334 1416 1382 corripiuntur.
1476 1333 1672 1382 Equidem

180 1403 316 1437 tamen
347 1399 421 1437 hoc
452 1402 631 1437 statuere
663 1401 792 1437 malim
835 1414 951 1450 quam
991 1404 1035 1437 ut
1068 1414 1152 1438 cum
1184 1401 1325 1438 Bothio
1359 1405 1397 1438 et
1427 1401 1486 1439 Fl.
1519 1399 1669 1447 ..haud“

177 1481 250 1518 pro
294 1465 419 1515 „non“
472 1468 652 1506 scribam.
691 1489 747 1493 —
787 1470 880 1507 402.
919 1465 1096 1518 placens
1141 1471 1173 1506 si
1213 1483 1346 1506 verum
1387 1473 1464 1516 est,
1511 1469 1672 1506 verbum

179 1536 470 1574 substantivum
517 1541 587 1574 aut
631 1537 792 1574 auditur
844 1541 911 1574 aut
956 1537 995 1574 in
1042 1538 1221 1587 proximo
1267 1551 1380 1574 versu
1429 1537 1519 1574 addi
1560 1537 1674 1574 debet

180 1600 448 1654 („Tuumst“).
503 1604 563 1642 Fl.
594 1603 786 1655 ‚,placet‘².
843 1604 975 1642 Gertz.
1015 1604 1233 1654 ..place11t“‚
1267 1605 1313 1642 cf.
1340 1604 1424 1642 Liv.
1450 1606 1517 1652 ΙΙΙ,
1544 1606 1607 1651 61,
1636 1607 1671 1642 5.

174 1672 318 1717 XXVI,
355 1674 390 1719 5,
427 1673 489 1710 17.
541 1673 660 1719 XLV,
697 1675 759 1719 26,
800 1675 858 1711 10.
905 1673 998 1710 Eur.
1016 1673 1161 1714 Alcest.
1183 1673 1260 1710 360
1294 1687 1350 1721 sq.
1372 1693 1419 1698 -
1441 1674 1534 1711 404.
1567 1670 1673 1710 lamec

177 1751 296 1789 quem
337 1750 487 1790 quaero
533 1741 636 1778 idem
676 1755 757 1778 esse
799 1755 842 1778 ac
886 1754 1026 1790 ..quem
1072 1741 1136 1778 hic
1181 1738 1340 1789 quaei·o“
1391 1740 1671 1777 animadvertit

174 1808 281 1846 Brix.
322 1808 422 1846 Ann.
463 1809 602 1858 philol.
644 1808 757 1855 CXV,
803 1823 841 1859 p.
885 1811 976 1847 334.
1020 1829 1068 1833 —
1118 1810 1210 1846 407.
1259 1806 1454 1857 quoiatis,
1502 1808 1578 1845 vid.
1622 1808 1670 1844 ad

174 1876 317 1914 Bacch.
353 1878 417 1914 27.
450 1896 506 1901 —
538 1877 632 1915 408.
667 1873 744 1923 Ab,
779 1877 825 1915 ef.
860 1879 952 1914 452.
1001 1877 1084 1914 Mil.
1123 1877 1212 1914 160.
1260 1876 1400 1913 Pseud.
1438 1877 1530 1913 6:20.
1580 1876 1668 1913 Ter.

174 1944 300 1981 Andr.
333 1945 427 1982 461.
479 1944 659 1982 Conferri
689 1949 824 1995 potest
855 1947 973 1982 etiam
1007 1945 1110 1994 quod
1142 1946 1182 1981 in
1215 1945 1403 1994 catalogis
1434 1944 1669 1981 libertorum

173 2012 410 2050 Thessalicis
442 2010 616 2061 (Ussing,
649 2013 771 2052 Inscr.
800 2013 904 2050 ined.
923 2028 960 2050 n.
980 2015 1003 2050 4
1032 2009 1136 2062 sqq.)
1170 2025 1324 2061 semper
1355 2013 1499 2062 legitur
1531 2013 1549 2048 ὃ
1573 2012 1668 2047 δεῖνα

173 2080 247 2117 ἀπὸ
276 2083 338 2117 τοῦ
369 2081 488 2122 δεινός.
562 2081 796 2118 Nominibus
838 2082 935 2131 ipsis
975 2081 1198 2127 indicatur,
1247 2093 1366 2129 quam
1406 2080 1520 2116 nihili
1551 2080 1667 2116 homo

173 2149 238 2187 sit.
295 2151 602 2199 Θεραποντίγονος
634 2153 693 2186 est
718 2162 832 2187 servo
860 2150 1027 2197 genitus,
1059 2148 1350 2198 Πλαταγιδώρος,
1385 2149 1452 2197 qui
1477 2149 1666 2196 crepitum

172 2216 273 2264 edit,
313 2230 390 2254 non
421 2230 523 2264 rem,
563 2219 588 2255 i.
622 2231 654 2255 e.
689 2217 904 2265 gloriosus3
945 2217 1014 2254 sed
1054 2218 1222 2266 primum
1256 2216 1433 2253 audienti
1464 2214 1666 2264 longitudo

169 2284 258 2334 ipsa
287 2286 457 2322 nominis
488 2284 698 2335 magnifica
728 2285 904 2332 videtur,
946 2286 992 2323 cf.
1025 2285 1109 2322 Mil.
1147 2286 1209 2322 14.
1241 2304 1297 2309 —
1335 2285 1413 2321 409
1449 2296 1504 2332 sq.
1545 2281 1663 2318 Affir-

170 2355 252 2389 mat
280 2352 354 2390 hoc
383 2355 601 2403 trapezita3
643 2353 717 2391 sibi
751 2354 867 2399 enim,
903 2353 992 2390 dum
1025 2366 1165 2390 nomen
1198 2353 1279 2389 eius
1313 2351 1511 2395 scriberet,
1547 2353 1663 2398 quat-

169 2422 260 2457 tuor
290 2422 390 2458 ceris
421 2433 519 2471 opus
550 2422 681 2467 fuisse,
726 2434 845 2470 quum
876 2435 947 2459 nec
977 2435 1054 2458 una
1086 2434 1154 2458 nec
1188 2420 1274 2456 duae
1307 2421 1506 2468 caperent.
1566 2417 1662 2454 Nam

169 2488 210 2524 in
249 2488 441 2525 eiusmodi
479 2489 598 2526 rebus
639 2489 916 2526 contrahendis
957 2489 1110 2538 antiqui
1150 2487 1296 2524 tabulis
1334 2485 1549 2523 utebantur
1595 2489 1663 2521 aut

170 2554 391 2605 duplicibus
422 2560 491 2594 aut
521 2558 764 2606 frequentius
796 2559 914 2594 etiam
947 2555 1180 2607 triplicibus,
1215 2554 1348 2603 quales
1379 2553 1511 2590 multae
1538 2566 1664 2602 nuper

169 2623 367 2674 Pompeiis
398 2625 567 2662 inventae
600 2628 691 2662 sunt
720 2626 760 2662 in
788 2625 935 2663 aedibus
960 2625 1004 2662 L.
1031 2623 1175 2661 Caecilii
1201 2621 1381 2668 Jucundi,
1414 2634 1450 2658 v.
1471 2621 1516 2657 de
1544 2621 1662 2657 Petra

168 2692 209 2728 in
239 2692 348 2729 Actis
378 2692 601 2730 Academiae
632 2693 879 2741 Lynceorum
910 2693 985 2738 III,
1028 2706 1066 2741 p.
1104 2691 1179 2727 150
1213 2703 1296 2738 sqq.
1358 2689 1588 2726 Mommsen.
1620 2689 1661 2725 in

165 2759 302 2798 Herm.
334 2760 421 2807 XII,
453 2775 491 2810 p.
527 2762 577 2798 90
611 2774 696 2810 sqq.
731 2781 779 2786 —
815 2762 908 2798 412.
941 2757 1095 2808 ferrem
1127 2760 1217 2794 cett.
1251 2756 1362 2794 codd.
1399 2776 1447 2781 —-
1489 2757 1568 2793 413
1602 2768 1658 2804 sq.
