1854 3188
205 222 224 260 1
231 220 282 260 78
879 215 1000 250 Plauti
1427 214 1497 258 ΠΙ,
1509 217 1541 258 4,
1553 215 1691 250 46-62

730 340 1155 394 Aristophontes

1452 411 1562 462 Quid
1594 414 1689 455 est?

199 485 257 526 [t
291 485 514 536 scelestus,
546 484 693 538 Hegio,
726 499 838 526 nuno
869 485 950 526 ist-e
984 489 1020 526 te
1050 484 1173 526 ludos
1205 483 1330 526 facit!

199 556 311 598 Nam
341 556 377 598 is
411 560 477 598 est
507 570 654 599 seruos
684 557 795 611 ipse,
836 570 976 610 neque
1014 561 1189 610 praeter
1220 570 1263 598 se
1297 570 1500 610 umquam
1532 557 1571 608 ei
1602 571 1689 599 ser-

1146 641 1224 669 uos
1255 626 1350 669 fuit.
1623 640 1689 674 575

804 714 1082 768 Tyndarus

200 785 309 835 Quia
338 791 431 828 tute
462 788 553 841 ipse
586 800 684 840 eges
715 787 761 827 in
790 787 935 840 patria
966 800 1043 828 nec
1074 786 1166 837 tibi⁷
1199 788 1271 839 qui
1302 787 1439 837 uiuas,
1472 786 1643 836 domist,

200 857 346 900 Omnis
376 859 560 900 inueniri
591 858 740 900 similis
771 857 853 900 tibi
883 859 961 899 uis.
1023 858 1117 899 Non
1148 858 1303 899 mirum
1333 857 1462 909 faeis3

197 930 278 971 Est
308 931 573 982 miserorum,
605 934 655 971 ut
685 929 996 971 maleuolentes
1029 930 1114 971 sint
1146 936 1277 983 atque
1303 930 1526 971 inuideant
1550 930 1687 972 bonis.

728 1024 1157 1078 Aristophontes

195 1095 348 1149 Hegio,
380 1096 478 1137 uide
511 1096 569 1137 sis
601 1110 654 1138 ne
686 1096 790 1150 quid
820 1100 867 1137 tu
899 1095 998 1137 huic
1028 1100 1188 1137 temere
1222 1096 1399 1137 insistas
1432 1096 1629 1147 credere3

195 1168 338 1221 Atque
369 1172 418 1209 ut
449 1169 676 1222 perspicio,
708 1167 903 1222 profecto
935 1169 1020 1208 iam
1053 1167 1216 1220 aliquid
1244 1179 1413 1221 pugnae
1447 1167 1595 1209 edidit.
1623 1179 1696 1212 580»

196 1239 353 1281 Filium
375 1244 498 1281 tuum
523 1239 637 1293 quod
660 1239 872 1281 redimere
896 1253 939 1281 se
964 1239 1034 1290 ait,
1065 1239 1109 1280 id
1133 1240 1386 1292 neutiquam
1410 1239 1514 1280 mihi
1532 1240 1688 1293 placet.

805 1333 1081 1388 Tyndarus

196 1405 294 1448 Soio
325 1410 368 1447 te
399 1405 444 1447 id
468 1405 581 1448 nolle
606 1405 718 1457 fieri3
752 1404 944 1447 eoficiam
975 1409 1120 1446 tamen
1146 1418 1222 1458 ego
1248 1404 1303 1450 id,
1337 1405 1372 1446 si
1399 1404 1440 1445 di
1465 1405 1688 1448 adiuuant.

196 1477 322 1519 Illum
352 1479 584 1520 restituam
614 1478 726 1529 huie,
757 1476 827 1518 1110
859 1481 1003 1518 autem
1034 1478 1077 1518 in
1110 1476 1276 1517 Alidem
1308 1490 1373 1517 me
1405 1490 1499 1518 meo
1531 1477 1658 1530 patri.

195 1548 431 1603 Propterea
462 1550 517 1591 ad
548 1554 717 1605 patrem
748 1548 847 1590 hine
878 1549 1001 1590 amisi
1033 1548 1293 1602 Tyndarum.

738 1642 1160 1697 Aristophontes

1299 1714 1411 1765 Quin
1442 1718 1534 1756 tute
1565 1714 1601 1755 is
1634 1727 1691 1765 es,

197 1786 347 1841 Neque
379 1791 552 1841 praeter
582 1791 625 1829 te
657 1788 700 1829 in
731 1786 855 1829 Alide
887 1786 1002 1827 ullus
1034 1800 1181 1828 seruos
1213 1786 1324 1828 istoc
1355 1786 1583 1828 nominest.
1626 1797 1691 1831 585

805 1880 1083 1935 Tyndarus

196 1952 352 2005 Pergin
377 1966 547 1995 seruom
572 1967 639 1994 me
667 1952 927 2007 exprobrare
945 1965 1050 2002 esse,
1081 1952 1126 1992 id
1152 1951 1266 2004 quod
1284 1952 1328 1993 ui
1344 1951 1490 1994 hostili
1507 1952 1694 2006 optigit?

728 2045 1155 2100 Aristophontes

195 2118 321 2159 Enim
351 2117 437 2159 iam
467 2132 632 2173 nequeo
667 2119 888 2161 contineri.

805 2203 1082 2258 Tyndarus

784 2275 915 2327 Heus,
949 2275 1092 2327 audin,
1126 2275 1230 2329 quid
1262 2276 1352 2318 ait?
1399 2275 1511 2326 Quin
1540 2275 1684 2330 fugis?

194 2347 287 2389 Iam
316 2347 405 2389 11110
435 2348 504 2389 1110
536 2361 612 2390 nos
644 2348 875 2390 insectabit
906 2347 1140 2402 lapidibus,
1173 2348 1255 2389 nisi
1286 2347 1418 2389 illunc
1449 2346 1572 2389 iubes

196 2418 508 2474 Conprehendi.
577 2421 582 2425 ’

731 2491 1156 2546 Aristophontes

579 2561 768 2605 Crucior.

285 2732 350 2764 574
374 2734 410 2765 te
436 2742 501 2765 om.
606 2731 670 2765 575
696 2731 729 2764 ei
755 2741 818 2766 om.
927 2733 992 2765 577
1018 2732 1184 2766 inuenire
1286 2733 1352 2766 578
1377 2730 1530 2766 indeant
1622 2732 1691 2765 587

191 2786 391 2821 Enimuero
416 2787 491 2821 iam
