<?xml version="1.0" encoding="UTF-8"?>
<!DOCTYPE html PUBLIC "-//W3C//DTD XHTML 1.0 Transitional//EN"
    "http://www.w3.org/TR/xhtml1/DTD/xhtml1-transitional.dtd">
<html xmlns="http://www.w3.org/1999/xhtml" xml:lang="en" lang="en">
 <head>
  <title>
</title>
<meta http-equiv="Content-Type" content="text/html;charset=utf-8" />
  <meta name='ocr-system' content='tesseract 3.04.00' />
  <meta name='ocr-capabilities' content='ocr_page ocr_carea ocr_par ocr_line ocrx_word'/>
</head>
<body>
  <div class='ocr_page' id='page_1' title='image "./comoediaerecensu02plauuoft_0378.png"; bbox 0 0 1897 3171; ppageno 0'>
   <div class='ocr_carea' id='block_1_1' title="bbox 231 165 1064 208">
    <p class='ocr_par' dir='ltr' id='par_1_1' title="bbox 231 165 1064 208">
     <span class='ocr_line' id='line_1_1' title="bbox 231 165 1064 208; baseline 0.001 -10"><span class='ocrx_word' id='word_1_1' title='bbox 231 169 254 207; x_wconf 86' lang='lat'><strong>3</strong></span> <span class='ocrx_word' id='word_1_2' title='bbox 261 169 311 208; x_wconf 71' lang='lat'>58</span> <span class='ocrx_word' id='word_1_3' title='bbox 865 165 1064 199; x_wconf 77' lang='lat' dir='ltr'><strong>Aulularia.</strong></span> 
     </span>
    </p>
   </div>
   <div class='ocr_carea' id='block_1_2' title="bbox 217 291 1718 2792">
    <p class='ocr_par' dir='ltr' id='par_1_2' title="bbox 225 291 1718 2314">
     <span class='ocr_line' id='line_1_2' title="bbox 228 291 1716 344; baseline 0.002 -15"><span class='ocrx_word' id='word_1_4' title='bbox 228 295 360 343; x_wconf 84' lang='lat' dir='ltr'>potius</span> <span class='ocrx_word' id='word_1_5' title='bbox 399 291 588 342; x_wconf 72' lang='lat' dir='ltr'>„Magna“</span> <span class='ocrx_word' id='word_1_6' title='bbox 636 294 851 332; x_wconf 84' lang='lat' dir='ltr'>omittatur.</span> <span class='ocrx_word' id='word_1_7' title='bbox 894 314 948 319; x_wconf 78' lang='lat'>-—</span> <span class='ocrx_word' id='word_1_8' title='bbox 988 291 1118 344; x_wconf 62' lang='lat' dir='ltr'>loqui.</span> <span class='ocrx_word' id='word_1_9' title='bbox 1154 294 1199 332; x_wconf 88' lang='lat' dir='ltr'>cf.</span> <span class='ocrx_word' id='word_1_10' title='bbox 1238 294 1326 331; x_wconf 85' lang='lat'>134.</span> <span class='ocrx_word' id='word_1_11' title='bbox 1366 314 1419 317; x_wconf 92' lang='lat'>—·</span> <span class='ocrx_word' id='word_1_12' title='bbox 1461 296 1553 331; x_wconf 77' lang='lat'>765.</span> <span class='ocrx_word' id='word_1_13' title='bbox 1594 291 1716 332; x_wconf 73' lang='lat' dir='ltr'>Bona</span> 
     </span>
     <span class='ocr_line' id='line_1_3' title="bbox 228 361 1715 410; baseline 0.001 -12"><span class='ocrx_word' id='word_1_14' title='bbox 228 361 419 410; x_wconf 79' lang='lat' dir='ltr'>Lyconidi</span> <span class='ocrx_word' id='word_1_15' title='bbox 450 361 702 398; x_wconf 74' lang='lat' dir='ltr'>tribuendum</span> <span class='ocrx_word' id='word_1_16' title='bbox 733 375 828 408; x_wconf 78' lang='lat' dir='ltr'>esse⁷</span> <span class='ocrx_word' id='word_1_17' title='bbox 861 363 951 398; x_wconf 89' lang='lat' dir='ltr'>olim</span> <span class='ocrx_word' id='word_1_18' title='bbox 985 363 1229 399; x_wconf 83' lang='lat' dir='ltr'>intellectum</span> <span class='ocrx_word' id='word_1_19' title='bbox 1257 367 1326 407; x_wconf 81' lang='lat' dir='ltr'>est,</span> <span class='ocrx_word' id='word_1_20' title='bbox 1361 375 1411 399; x_wconf 82' lang='lat' dir='ltr'>sc.</span> <span class='ocrx_word' id='word_1_21' title='bbox 1431 361 1504 398; x_wconf 87' lang='lat' dir='ltr'>fide</span> <span class='ocrx_word' id='word_1_22' title='bbox 1530 362 1636 407; x_wconf 60' lang='lat' dir='ltr'>dit-¹03</span> <span class='ocrx_word' id='word_1_23' title='bbox 1670 363 1715 400; x_wconf 88' lang='lat' dir='ltr'>cf.</span> 
     </span>
     <span class='ocr_line' id='line_1_4' title="bbox 229 429 1715 478; baseline 0.001 -13"><span class='ocrx_word' id='word_1_24' title='bbox 229 429 341 478; x_wconf 85' lang='lat' dir='ltr'>Capt.</span> <span class='ocrx_word' id='word_1_25' title='bbox 376 429 468 466; x_wconf 85' lang='lat'>884.</span> <span class='ocrx_word' id='word_1_26' title='bbox 526 429 681 467; x_wconf 91' lang='lat' dir='ltr'>Trucul.</span> <span class='ocrx_word' id='word_1_27' title='bbox 717 431 814 468; x_wconf 84' lang='lat'>580:</span> <span class='ocrx_word' id='word_1_28' title='bbox 861 430 1082 478; x_wconf 80' lang='lat' dir='ltr'>„Inpudens</span> <span class='ocrx_word' id='word_1_29' title='bbox 1113 434 1318 476; x_wconf 74' lang='lat' dir='ltr'>mecastor,</span> <span class='ocrx_word' id='word_1_30' title='bbox 1353 429 1506 478; x_wconf 83' lang='lat' dir='ltr'>Cyame,</span> <span class='ocrx_word' id='word_1_31' title='bbox 1541 443 1590 466; x_wconf 82' lang='lat' dir='ltr'>es.</span> <span class='ocrx_word' id='word_1_32' title='bbox 1641 430 1715 467; x_wconf 91' lang='lat' dir='ltr'>CY.</span> 
     </span>
     <span class='ocr_line' id='line_1_5' title="bbox 227 495 1717 544; baseline 0.001 -11"><span class='ocrx_word' id='word_1_33' title='bbox 227 495 390 544; x_wconf 75' lang='lat' dir='ltr'>Egone?</span> <span class='ocrx_word' id='word_1_34' title='bbox 446 496 526 534; x_wconf 92' lang='lat' dir='ltr'>PH.</span> <span class='ocrx_word' id='word_1_35' title='bbox 567 497 638 543; x_wconf 81' lang='lat' dir='ltr'>Tu,</span> <span class='ocrx_word' id='word_1_36' title='bbox 671 497 772 534; x_wconf 88' lang='lat' dir='ltr'>bona</span> <span class='ocrx_word' id='word_1_37' title='bbox 802 496 921 535; x_wconf 76' lang='lat' dir='ltr'>fide‘⁵.</span> <span class='ocrx_word' id='word_1_38' title='bbox 990 498 1077 535; x_wconf 89' lang='lat' dir='ltr'>Ter.</span> <span class='ocrx_word' id='word_1_39' title='bbox 1110 498 1251 535; x_wconf 84' lang='lat' dir='ltr'>Heaut.</span> <span class='ocrx_word' id='word_1_40' title='bbox 1287 498 1386 534; x_wconf 77' lang='lat'>761:</span> <span class='ocrx_word' id='word_1_41' title='bbox 1445 497 1547 544; x_wconf 86' lang='lat' dir='ltr'>„CH.</span> <span class='ocrx_word' id='word_1_42' title='bbox 1581 497 1717 534; x_wconf 80' lang='lat' dir='ltr'>Bonan</span> 
     </span>
     <span class='ocr_line' id='line_1_6' title="bbox 226 562 1715 615; baseline 0 -14"><span class='ocrx_word' id='word_1_43' title='bbox 226 563 316 602; x_wconf 85' lang='lat' dir='ltr'>fide.</span> <span class='ocrx_word' id='word_1_44' title='bbox 363 562 434 602; x_wconf 65' lang='grc' dir='ltr'>ΞΥ.</span> <span class='ocrx_word' id='word_1_45' title='bbox 455 562 601 602; x_wconf 82' lang='lat' dir='ltr'>Bona“.</span> <span class='ocrx_word' id='word_1_46' title='bbox 620 585 674 590; x_wconf 89' lang='lat'>—-</span> <span class='ocrx_word' id='word_1_47' title='bbox 700 567 793 603; x_wconf 82' lang='grc'><strong>766.</strong></span> <span class='ocrx_word' id='word_1_48' title='bbox 825 562 970 615; x_wconf 69' lang='lat' dir='ltr'>Neque</span> <span class='ocrx_word' id='word_1_49' title='bbox 1000 563 1094 611; x_wconf 73' lang='lat' dir='ltr'>scis,</span> <span class='ocrx_word' id='word_1_50' title='bbox 1129 564 1197 615; x_wconf 73' lang='lat' dir='ltr'>qui</span> <span class='ocrx_word' id='word_1_51' title='bbox 1229 562 1450 611; x_wconf 65' lang='lat' dir='ltr'>abstulerit.</span> <span class='ocrx_word' id='word_1_52' title='bbox 1484 565 1565 602; x_wconf 86' lang='lat' dir='ltr'>haec</span> <span class='ocrx_word' id='word_1_53' title='bbox 1597 565 1715 601; x_wconf 78' lang='lat' dir='ltr'>verba</span> 
     </span>
     <span class='ocr_line' id='line_1_7' title="bbox 229 631 1712 681; baseline 0.001 -13"><span class='ocrx_word' id='word_1_54' title='bbox 229 633 370 669; x_wconf 89' lang='lat' dir='ltr'>ceteris</span> <span class='ocrx_word' id='word_1_55' title='bbox 416 633 691 681; x_wconf 85' lang='lat' dir='ltr'>anteponenda</span> <span class='ocrx_word' id='word_1_56' title='bbox 738 646 820 670; x_wconf 86' lang='lat' dir='ltr'>esse</span> <span class='ocrx_word' id='word_1_57' title='bbox 866 633 953 670; x_wconf 88' lang='lat' dir='ltr'>edd.</span> <span class='ocrx_word' id='word_1_58' title='bbox 1000 637 1093 670; x_wconf 85' lang='lat' dir='ltr'>vett.</span> <span class='ocrx_word' id='word_1_59' title='bbox 1142 633 1337 671; x_wconf 74' lang='lat' dir='ltr'>viderunt.</span> <span class='ocrx_word' id='word_1_60' title='bbox 1414 632 1527 679; x_wconf 81' lang='lat' dir='ltr'>Quod</span> <span class='ocrx_word' id='word_1_61' title='bbox 1577 631 1712 681; x_wconf 63' lang='lat' dir='ltr'>„quis⁶‘</span> 
     </span>
     <span class='ocr_line' id='line_1_8' title="bbox 228 701 1718 751; baseline 0 -14"><span class='ocrx_word' id='word_1_62' title='bbox 228 701 492 750; x_wconf 87' lang='lat' dir='ltr'>scripserunt,</span> <span class='ocrx_word' id='word_1_63' title='bbox 525 713 602 737; x_wconf 91' lang='lat' dir='ltr'>non</span> <span class='ocrx_word' id='word_1_64' title='bbox 635 705 720 737; x_wconf 88' lang='lat' dir='ltr'>erat</span> <span class='ocrx_word' id='word_1_65' title='bbox 750 714 865 750; x_wconf 86' lang='lat' dir='ltr'>opus⁷</span> <span class='ocrx_word' id='word_1_66' title='bbox 906 701 982 737; x_wconf 89' lang='lat' dir='ltr'>vid.</span> <span class='ocrx_word' id='word_1_67' title='bbox 1018 701 1066 738; x_wconf 86' lang='lat' dir='ltr'>ad</span> <span class='ocrx_word' id='word_1_68' title='bbox 1096 701 1238 751; x_wconf 85' lang='lat' dir='ltr'><strong>Amph.</strong></span> <span class='ocrx_word' id='word_1_69' title='bbox 1276 703 1365 739; x_wconf 75' lang='lat'>127.</span> <span class='ocrx_word' id='word_1_70' title='bbox 1428 701 1570 737; x_wconf 81' lang='lat' dir='ltr'><strong>Versus</strong></span> <span class='ocrx_word' id='word_1_71' title='bbox 1603 714 1718 737; x_wconf 79' lang='lat' dir='ltr'>causa</span> 
     </span>
     <span class='ocr_line' id='line_1_9' title="bbox 227 767 1718 818; baseline 0 -13"><span class='ocrx_word' id='word_1_72' title='bbox 227 767 363 806; x_wconf 61' lang='lat' dir='ltr'>Both:</span> <span class='ocrx_word' id='word_1_73' title='bbox 417 770 526 818; x_wconf 83' lang='lat' dir='ltr'>„quis</span> <span class='ocrx_word' id='word_1_74' title='bbox 558 768 598 804; x_wconf 91' lang='lat' dir='ltr'>id</span> <span class='ocrx_word' id='word_1_75' title='bbox 629 767 769 815; x_wconf 81' lang='lat' dir='ltr'>abst.“,</span> <span class='ocrx_word' id='word_1_76' title='bbox 813 769 991 806; x_wconf 77' lang='lat' dir='ltr'>Muller.:</span> <span class='ocrx_word' id='word_1_77' title='bbox 1037 771 1128 818; x_wconf 75' lang='lat' dir='ltr'>„qui</span> <span class='ocrx_word' id='word_1_78' title='bbox 1167 769 1376 806; x_wconf 74' lang='lat' dir='ltr'><strong>abstulerit</strong></span> <span class='ocrx_word' id='word_1_79' title='bbox 1405 769 1540 815; x_wconf 79' lang='lat' dir='ltr'>mihi&#39;&#39;,</span> <span class='ocrx_word' id='word_1_80' title='bbox 1574 782 1644 817; x_wconf 84' lang='lat' dir='ltr'>ego</span> <span class='ocrx_word' id='word_1_81' title='bbox 1676 769 1718 806; x_wconf 66' lang='grc' dir='ltr'>ΐίι</span> 
     </span>
     <span class='ocr_line' id='line_1_10' title="bbox 228 834 1717 886; baseline -0.001 -13"><span class='ocrx_word' id='word_1_82' title='bbox 228 837 373 874; x_wconf 84' lang='lat' dir='ltr'>addere</span> <span class='ocrx_word' id='word_1_83' title='bbox 415 837 548 874; x_wconf 87' lang='lat' dir='ltr'>malui.</span> <span class='ocrx_word' id='word_1_84' title='bbox 589 856 644 861; x_wconf 90' lang='lat'>-—</span> <span class='ocrx_word' id='word_1_85' title='bbox 681 834 727 873; x_wconf 64' lang='lat' dir='ltr'>id</span> <span class='ocrx_word' id='word_1_86' title='bbox 764 850 836 886; x_wconf 89' lang='lat' dir='ltr'>pro</span> <span class='ocrx_word' id='word_1_87' title='bbox 880 835 969 884; x_wconf 75' lang='lat' dir='ltr'>„ut“</span> <span class='ocrx_word' id='word_1_88' title='bbox 1014 837 1045 873; x_wconf 87' lang='lat' dir='ltr'>B</span> <span class='ocrx_word' id='word_1_89' title='bbox 1077 851 1178 874; x_wconf 86' lang='lat' dir='ltr'>man.</span> <span class='ocrx_word' id='word_1_90' title='bbox 1207 851 1280 874; x_wconf 89' lang='lat' dir='ltr'>sec.</span> <span class='ocrx_word' id='word_1_91' title='bbox 1315 841 1354 873; x_wconf 87' lang='lat' dir='ltr'>et</span> <span class='ocrx_word' id='word_1_92' title='bbox 1384 837 1430 874; x_wconf 92' lang='lat' dir='ltr'>D.</span> <span class='ocrx_word' id='word_1_93' title='bbox 1465 856 1518 860; x_wconf 91' lang='lat'>—-</span> <span class='ocrx_word' id='word_1_94' title='bbox 1558 838 1636 874; x_wconf 82' lang='lat'>768</span> <span class='ocrx_word' id='word_1_95' title='bbox 1671 850 1717 873; x_wconf 85' lang='lat' dir='ltr'>ex</span> 
     </span>
     <span class='ocr_line' id='line_1_11' title="bbox 227 901 1713 954; baseline -0.001 -13"><span class='ocrx_word' id='word_1_96' title='bbox 227 905 356 942; x_wconf 88' lang='lat' dir='ltr'>Nonio</span> <span class='ocrx_word' id='word_1_97' title='bbox 390 904 587 942; x_wconf 81' lang='lat' dir='ltr'>emendari</span> <span class='ocrx_word' id='word_1_98' title='bbox 619 906 788 953; x_wconf 45' lang='lat' dir='ltr'>potuit.</span> <span class='ocrx_word' id='word_1_99' title='bbox 813 906 880 953; x_wconf 87' lang='lat' dir='ltr'>qui</span> <span class='ocrx_word' id='word_1_100' title='bbox 910 919 949 954; x_wconf 88' lang='lat' dir='ltr'>p.</span> <span class='ocrx_word' id='word_1_101' title='bbox 987 905 1061 942; x_wconf 77' lang='lat'>128</span> <span class='ocrx_word' id='word_1_102' title='bbox 1095 918 1150 954; x_wconf 87' lang='lat' dir='ltr'>sq.</span> <span class='ocrx_word' id='word_1_103' title='bbox 1217 901 1519 954; x_wconf 48' lang='lat' dir='ltr'>„hadwi-scere,</span> <span class='ocrx_word' id='word_1_104' title='bbox 1566 910 1713 953; x_wconf 79' lang='lat' dir='ltr'>petere,</span> 
     </span>
     <span class='ocr_line' id='line_1_12' title="bbox 227 972 1717 1027; baseline -0.001 -18"><span class='ocrx_word' id='word_1_105' title='bbox 227 985 430 1022; x_wconf 85' lang='lat' dir='ltr'>usurpare.</span> <span class='ocrx_word' id='word_1_106' title='bbox 492 972 655 1009; x_wconf 85' lang='lat' dir='ltr'>Plautus</span> <span class='ocrx_word' id='word_1_107' title='bbox 694 973 917 1009; x_wconf 81' lang='lat' dir='ltr'>Aulularia:</span> <span class='ocrx_word' id='word_1_108' title='bbox 965 987 1034 1009; x_wconf 86' lang='lat' dir='ltr'>nec</span> <span class='ocrx_word' id='word_1_109' title='bbox 1072 977 1222 1022; x_wconf 88' lang='lat' dir='ltr'>partem</span> <span class='ocrx_word' id='word_1_110' title='bbox 1265 973 1341 1010; x_wconf 85' lang='lat' dir='ltr'>tibi</span> <span class='ocrx_word' id='word_1_111' title='bbox 1370 973 1480 1010; x_wconf 86' lang='lat' dir='ltr'>Adeo</span> <span class='ocrx_word' id='word_1_112' title='bbox 1518 974 1579 1009; x_wconf 89' lang='lat' dir='ltr'>cui</span> <span class='ocrx_word' id='word_1_113' title='bbox 1618 972 1717 1027; x_wconf 83' lang='lat' dir='ltr'>indi-</span> 
     </span>
     <span class='ocr_line' id='line_1_13' title="bbox 227 1037 1716 1090; baseline -0.001 -14"><span class='ocrx_word' id='word_1_114' title='bbox 227 1041 353 1090; x_wconf 84' lang='lat' dir='ltr'><strong>pisces</strong></span> <span class='ocrx_word' id='word_1_115' title='bbox 394 1053 519 1090; x_wconf 88' lang='lat' dir='ltr'>neque</span> <span class='ocrx_word' id='word_1_116' title='bbox 558 1041 683 1077; x_wconf 88' lang='lat' dir='ltr'>furem</span> <span class='ocrx_word' id='word_1_117' title='bbox 714 1037 936 1090; x_wconf 73' lang='lat' dir='ltr'>excipies‘?‘&#39;</span> <span class='ocrx_word' id='word_1_118' title='bbox 974 1044 1012 1077; x_wconf 84' lang='lat' dir='ltr'>et</span> <span class='ocrx_word' id='word_1_119' title='bbox 1043 1055 1080 1090; x_wconf 88' lang='lat' dir='ltr'>p.</span> <span class='ocrx_word' id='word_1_120' title='bbox 1115 1042 1218 1078; x_wconf 78' lang='lat'>293:</span> <span class='ocrx_word' id='word_1_121' title='bbox 1269 1037 1498 1089; x_wconf 60' lang='lat' dir='ltr'>„Excipere</span> <span class='ocrx_word' id='word_1_122' title='bbox 1529 1054 1716 1077; x_wconf 84' lang='lat' dir='ltr'>excusare</span> 
     </span>
     <span class='ocr_line' id='line_1_14' title="bbox 227 1109 1714 1158; baseline -0.001 -13"><span class='ocrx_word' id='word_1_123' title='bbox 227 1109 290 1145; x_wconf 83' lang='lat' dir='ltr'>vel</span> <span class='ocrx_word' id='word_1_124' title='bbox 321 1109 462 1146; x_wconf 86' lang='lat' dir='ltr'>celare.</span> <span class='ocrx_word' id='word_1_125' title='bbox 524 1109 686 1145; x_wconf 84' lang='lat' dir='ltr'>Plautus</span> <span class='ocrx_word' id='word_1_126' title='bbox 717 1110 757 1145; x_wconf 89' lang='lat' dir='ltr'>in</span> <span class='ocrx_word' id='word_1_127' title='bbox 786 1109 1012 1145; x_wconf 79' lang='lat' dir='ltr'>Aulularia:</span> <span class='ocrx_word' id='word_1_128' title='bbox 1054 1122 1124 1146; x_wconf 86' lang='lat' dir='ltr'>nec</span> <span class='ocrx_word' id='word_1_129' title='bbox 1162 1113 1316 1158; x_wconf 87' lang='lat' dir='ltr'>partem</span> <span class='ocrx_word' id='word_1_130' title='bbox 1347 1109 1421 1146; x_wconf 89' lang='lat' dir='ltr'>tibi</span> <span class='ocrx_word' id='word_1_131' title='bbox 1451 1109 1561 1146; x_wconf 87' lang='lat' dir='ltr'>Adeo</span> <span class='ocrx_word' id='word_1_132' title='bbox 1594 1109 1714 1145; x_wconf 85' lang='lat' dir='ltr'>cuivis</span> 
     </span>
     <span class='ocr_line' id='line_1_15' title="bbox 227 1176 1717 1226; baseline -0.001 -13"><span class='ocrx_word' id='word_1_133' title='bbox 227 1176 430 1226; x_wconf 83' lang='lat' dir='ltr'>indipiscis</span> <span class='ocrx_word' id='word_1_134' title='bbox 469 1190 594 1226; x_wconf 86' lang='lat' dir='ltr'>neque</span> <span class='ocrx_word' id='word_1_135' title='bbox 633 1176 757 1213; x_wconf 88' lang='lat' dir='ltr'>furem</span> <span class='ocrx_word' id='word_1_136' title='bbox 797 1176 1009 1226; x_wconf 70' lang='lat' dir='ltr'>excipias“.</span> <span class='ocrx_word' id='word_1_137' title='bbox 1071 1176 1147 1214; x_wconf 79' lang='lat' dir='ltr'>Sed</span> <span class='ocrx_word' id='word_1_138' title='bbox 1178 1177 1351 1214; x_wconf 84' lang='lat' dir='ltr'>Plautini</span> <span class='ocrx_word' id='word_1_139' title='bbox 1383 1176 1493 1215; x_wconf 86' lang='lat' dir='ltr'>codd.</span> <span class='ocrx_word' id='word_1_140' title='bbox 1528 1178 1645 1213; x_wconf 83' lang='lat' dir='ltr'>etiam</span> <span class='ocrx_word' id='word_1_141' title='bbox 1678 1177 1717 1213; x_wconf 91' lang='lat' dir='ltr'>in</span> 
     </span>
     <span class='ocr_line' id='line_1_16' title="bbox 226 1243 1717 1295; baseline -0.001 -14"><span class='ocrx_word' id='word_1_142' title='bbox 226 1245 427 1294; x_wconf 87' lang='lat' dir='ltr'>prioribus</span> <span class='ocrx_word' id='word_1_143' title='bbox 459 1249 659 1282; x_wconf 85' lang='lat' dir='ltr'>errarunt:</span> <span class='ocrx_word' id='word_1_144' title='bbox 698 1245 782 1290; x_wconf 74' lang='lat' dir='ltr'>„Ab</span> <span class='ocrx_word' id='word_1_145' title='bbox 814 1258 859 1282; x_wconf 89' lang='lat' dir='ltr'>eo</span> <span class='ocrx_word' id='word_1_146' title='bbox 892 1247 1072 1294; x_wconf 80' lang='lat' dir='ltr'>cuiquam</span> <span class='ocrx_word' id='word_1_147' title='bbox 1105 1243 1201 1282; x_wconf 78' lang='lat' dir='ltr'>est“.</span> <span class='ocrx_word' id='word_1_148' title='bbox 1256 1245 1419 1292; x_wconf 65' lang='lat' dir='ltr'>Camen,</span> <span class='ocrx_word' id='word_1_149' title='bbox 1453 1258 1569 1295; x_wconf 88' lang='lat' dir='ltr'>quem</span> <span class='ocrx_word' id='word_1_150' title='bbox 1601 1244 1717 1292; x_wconf 65' lang='lat' dir='ltr'>vulgo</span> 
     </span>
     <span class='ocr_line' id='line_1_17' title="bbox 229 1312 1714 1363; baseline -0.001 -13"><span class='ocrx_word' id='word_1_151' title='bbox 229 1314 351 1350; x_wconf 87' lang='lat' dir='ltr'>secuti</span> <span class='ocrx_word' id='word_1_152' title='bbox 382 1317 492 1350; x_wconf 87' lang='lat' dir='ltr'>sunt:</span> <span class='ocrx_word' id='word_1_153' title='bbox 531 1313 615 1360; x_wconf 86' lang='lat' dir='ltr'>„Ab</span> <span class='ocrx_word' id='word_1_154' title='bbox 647 1326 704 1360; x_wconf 88' lang='lat' dir='ltr'>eo,</span> <span class='ocrx_word' id='word_1_155' title='bbox 738 1313 873 1363; x_wconf 84' lang='lat' dir='ltr'>quiqui</span> <span class='ocrx_word' id='word_1_156' title='bbox 907 1316 974 1359; x_wconf 85' lang='lat' dir='ltr'>est,</span> <span class='ocrx_word' id='word_1_157' title='bbox 1008 1313 1097 1350; x_wconf 89' lang='lat' dir='ltr'>inde</span> <span class='ocrx_word' id='word_1_158' title='bbox 1128 1312 1314 1362; x_wconf 76' lang='lat' dir='ltr'>posces“;</span> <span class='ocrx_word' id='word_1_159' title='bbox 1347 1313 1414 1350; x_wconf 89' lang='lat' dir='ltr'>sed</span> <span class='ocrx_word' id='word_1_160' title='bbox 1446 1314 1533 1362; x_wconf 86' lang='lat' dir='ltr'>quis</span> <span class='ocrx_word' id='word_1_161' title='bbox 1564 1312 1626 1349; x_wconf 80' lang='lat' dir='ltr'>fur</span> <span class='ocrx_word' id='word_1_162' title='bbox 1653 1314 1714 1358; x_wconf 85' lang='lat' dir='ltr'>sit,</span> 
     </span>
     <span class='ocr_line' id='line_1_18' title="bbox 227 1379 1712 1430; baseline -0.001 -12"><span class='ocrx_word' id='word_1_163' title='bbox 227 1381 326 1419; x_wconf 87' lang='lat' dir='ltr'>nihil</span> <span class='ocrx_word' id='word_1_164' title='bbox 365 1382 412 1418; x_wconf 88' lang='lat' dir='ltr'>ad</span> <span class='ocrx_word' id='word_1_165' title='bbox 451 1395 531 1418; x_wconf 88' lang='lat' dir='ltr'>rem</span> <span class='ocrx_word' id='word_1_166' title='bbox 564 1381 696 1418; x_wconf 84' lang='lat' dir='ltr'>refert.</span> <span class='ocrx_word' id='word_1_167' title='bbox 758 1381 895 1430; x_wconf 85' lang='lat' dir='ltr'>Wagn.</span> <span class='ocrx_word' id='word_1_168' title='bbox 936 1381 1018 1427; x_wconf 80' lang='lat' dir='ltr'>„Ab</span> <span class='ocrx_word' id='word_1_169' title='bbox 1051 1395 1115 1429; x_wconf 82' lang='lat' dir='ltr'>eo,</span> <span class='ocrx_word' id='word_1_170' title='bbox 1155 1383 1247 1430; x_wconf 87' lang='lat' dir='ltr'>quoi</span> <span class='ocrx_word' id='word_1_171' title='bbox 1279 1379 1368 1427; x_wconf 76' lang='lat' dir='ltr'>sit“⁷</span> <span class='ocrx_word' id='word_1_172' title='bbox 1409 1383 1433 1418; x_wconf 92' lang='lat' dir='ltr'>i.</span> <span class='ocrx_word' id='word_1_173' title='bbox 1467 1395 1498 1418; x_wconf 94' lang='lat' dir='ltr'>e.</span> <span class='ocrx_word' id='word_1_174' title='bbox 1531 1382 1571 1417; x_wconf 89' lang='lat' dir='ltr'>in</span> <span class='ocrx_word' id='word_1_175' title='bbox 1604 1382 1712 1417; x_wconf 86' lang='lat' dir='ltr'>cuius</span> 
     </span>
     <span class='ocr_line' id='line_1_19' title="bbox 226 1449 1717 1499; baseline -0.001 -13"><span class='ocrx_word' id='word_1_176' title='bbox 226 1451 516 1499; x_wconf 86' lang='lat' dir='ltr'>possessionem</span> <span class='ocrx_word' id='word_1_177' title='bbox 547 1451 675 1495; x_wconf 87' lang='lat' dir='ltr'>venit,</span> <span class='ocrx_word' id='word_1_178' title='bbox 717 1449 823 1499; x_wconf 89' lang='lat' dir='ltr'>quod</span> <span class='ocrx_word' id='word_1_179' title='bbox 861 1450 1082 1499; x_wconf 85' lang='lat' dir='ltr'>significare</span> <span class='ocrx_word' id='word_1_180' title='bbox 1113 1450 1177 1486; x_wconf 85' lang='lat' dir='ltr'>vix</span> <span class='ocrx_word' id='word_1_181' title='bbox 1208 1453 1348 1499; x_wconf 86' lang='lat' dir='ltr'>potest.</span> <span class='ocrx_word' id='word_1_182' title='bbox 1409 1449 1564 1486; x_wconf 73' lang='lat' dir='ltr'>Miiller.</span> <span class='ocrx_word' id='word_1_183' title='bbox 1598 1449 1717 1485; x_wconf 85' lang='lat' dir='ltr'>licen-</span> 
     </span>
     <span class='ocr_line' id='line_1_20' title="bbox 225 1514 1714 1567; baseline 0 -13"><span class='ocrx_word' id='word_1_184' title='bbox 225 1519 323 1554; x_wconf 88' lang='lat' dir='ltr'>tius:</span> <span class='ocrx_word' id='word_1_185' title='bbox 375 1517 533 1567; x_wconf 69' lang='lat' dir='ltr'>„Neque</span> <span class='ocrx_word' id='word_1_186' title='bbox 573 1522 727 1567; x_wconf 87' lang='lat' dir='ltr'>partem</span> <span class='ocrx_word' id='word_1_187' title='bbox 759 1518 834 1554; x_wconf 89' lang='lat' dir='ltr'>tibi</span> <span class='ocrx_word' id='word_1_188' title='bbox 866 1518 1151 1555; x_wconf 86' lang='lat' dir='ltr'>Herculaneam</span> <span class='ocrx_word' id='word_1_189' title='bbox 1182 1516 1436 1567; x_wconf 77' lang='lat' dir='ltr'>indipisces“.</span> <span class='ocrx_word' id='word_1_190' title='bbox 1498 1517 1582 1566; x_wconf 85' lang='lat' dir='ltr'>Ego</span> <span class='ocrx_word' id='word_1_191' title='bbox 1615 1514 1714 1554; x_wconf 73' lang='lat' dir='ltr'>adeo</span> 
     </span>
     <span class='ocr_line' id='line_1_21' title="bbox 226 1585 1714 1635; baseline -0.001 -12"><span class='ocrx_word' id='word_1_192' title='bbox 226 1585 450 1623; x_wconf 83' lang='lat' dir='ltr'>Nonianum</span> <span class='ocrx_word' id='word_1_193' title='bbox 497 1590 601 1622; x_wconf 89' lang='lat' dir='ltr'>recte</span> <span class='ocrx_word' id='word_1_194' title='bbox 646 1599 733 1623; x_wconf 92' lang='lat' dir='ltr'>cum</span> <span class='ocrx_word' id='word_1_195' title='bbox 771 1596 900 1635; x_wconf 64' lang='lat' dir='ltr'>meque</span> <span class='ocrx_word' id='word_1_196' title='bbox 939 1588 1047 1634; x_wconf 80' lang='lat' dir='ltr'>iungi</span> <span class='ocrx_word' id='word_1_197' title='bbox 1088 1586 1302 1622; x_wconf 76' lang='lat' dir='ltr'>arbitratus</span> <span class='ocrx_word' id='word_1_198' title='bbox 1343 1586 1502 1634; x_wconf 84' lang='lat' dir='ltr'>scripsi:</span> <span class='ocrx_word' id='word_1_199' title='bbox 1554 1585 1714 1633; x_wconf 84' lang='lat' dir='ltr'>„Neque</span> 
     </span>
     <span class='ocr_line' id='line_1_22' title="bbox 225 1651 1714 1704; baseline 0 -15"><span class='ocrx_word' id='word_1_200' title='bbox 225 1659 379 1703; x_wconf 87' lang='lat' dir='ltr'>partem</span> <span class='ocrx_word' id='word_1_201' title='bbox 404 1654 476 1690; x_wconf 91' lang='lat' dir='ltr'>tibi</span> <span class='ocrx_word' id='word_1_202' title='bbox 501 1653 610 1691; x_wconf 88' lang='lat' dir='ltr'>Adeo</span> <span class='ocrx_word' id='word_1_203' title='bbox 635 1668 819 1704; x_wconf 84' lang='lat' dir='ltr'>umquam</span> <span class='ocrx_word' id='word_1_204' title='bbox 845 1657 926 1691; x_wconf 89' lang='lat' dir='ltr'>eius</span> <span class='ocrx_word' id='word_1_205' title='bbox 952 1652 1203 1704; x_wconf 67' lang='lat' dir='ltr'>indipisces“.</span> <span class='ocrx_word' id='word_1_206' title='bbox 1251 1651 1476 1702; x_wconf 64' lang='lat' dir='ltr'>indipisces</span> <span class='ocrx_word' id='word_1_207' title='bbox 1500 1657 1557 1690; x_wconf 86' lang='lat' dir='ltr'>est</span> <span class='ocrx_word' id='word_1_208' title='bbox 1583 1658 1714 1690; x_wconf 86' lang='lat' dir='ltr'>autem</span> 
     </span>
     <span class='ocr_line' id='line_1_23' title="bbox 226 1721 1714 1772; baseline -0.001 -14"><span class='ocrx_word' id='word_1_209' title='bbox 226 1723 405 1771; x_wconf 84' lang='lat' dir='ltr'>accipies.</span> <span class='ocrx_word' id='word_1_210' title='bbox 454 1722 591 1767; x_wconf 83' lang='lat' dir='ltr'>Euclio</span> <span class='ocrx_word' id='word_1_211' title='bbox 624 1736 710 1760; x_wconf 87' lang='lat' dir='ltr'>eum</span> <span class='ocrx_word' id='word_1_212' title='bbox 741 1726 847 1760; x_wconf 83' lang='lat' dir='ltr'>vetat</span> <span class='ocrx_word' id='word_1_213' title='bbox 880 1723 919 1759; x_wconf 90' lang='lat' dir='ltr'>id</span> <span class='ocrx_word' id='word_1_214' title='bbox 945 1724 1084 1769; x_wconf 83' lang='lat' dir='ltr'>facere,</span> <span class='ocrx_word' id='word_1_215' title='bbox 1117 1722 1223 1772; x_wconf 89' lang='lat' dir='ltr'>quod</span> <span class='ocrx_word' id='word_1_216' title='bbox 1247 1722 1370 1771; x_wconf 88' lang='lat' dir='ltr'>Gripo</span> <span class='ocrx_word' id='word_1_217' title='bbox 1395 1721 1598 1758; x_wconf 80' lang='lat' dir='ltr'>Trachalio</span> <span class='ocrx_word' id='word_1_218' title='bbox 1624 1734 1714 1770; x_wconf 84' lang='lat' dir='ltr'>pro-</span> 
     </span>
     <span class='ocr_line' id='line_1_24' title="bbox 225 1790 1714 1840; baseline 0 -14"><span class='ocrx_word' id='word_1_219' title='bbox 225 1792 336 1839; x_wconf 90' lang='lat' dir='ltr'>ponit</span> <span class='ocrx_word' id='word_1_220' title='bbox 366 1792 406 1827; x_wconf 89' lang='lat' dir='ltr'>in</span> <span class='ocrx_word' id='word_1_221' title='bbox 430 1790 600 1828; x_wconf 83' lang='lat' dir='ltr'>Rudent.</span> <span class='ocrx_word' id='word_1_222' title='bbox 628 1792 706 1828; x_wconf 82' lang='grc'>958</span> <span class='ocrx_word' id='word_1_223' title='bbox 736 1804 792 1840; x_wconf 90' lang='lat' dir='ltr'>sq.</span> <span class='ocrx_word' id='word_1_224' title='bbox 829 1791 939 1839; x_wconf 78' lang='lat' dir='ltr'>„Ego</span> <span class='ocrx_word' id='word_1_225' title='bbox 971 1792 1071 1828; x_wconf 85' lang='lat' dir='ltr'>istuc</span> <span class='ocrx_word' id='word_1_226' title='bbox 1102 1791 1250 1828; x_wconf 88' lang='lat' dir='ltr'>furtum</span> <span class='ocrx_word' id='word_1_227' title='bbox 1284 1791 1362 1827; x_wconf 90' lang='lat' dir='ltr'>scio</span> <span class='ocrx_word' id='word_1_228' title='bbox 1387 1791 1480 1840; x_wconf 91' lang='lat' dir='ltr'>quoi</span> <span class='ocrx_word' id='word_1_229' title='bbox 1505 1790 1714 1835; x_wconf 81' lang='lat' dir='ltr'>factumst3</span> 
     </span>
     <span class='ocr_line' id='line_1_25' title="bbox 226 1855 1714 1906; baseline 0 -11"><span class='ocrx_word' id='word_1_230' title='bbox 226 1872 327 1895; x_wconf 88' lang='lat' dir='ltr'>nunc</span> <span class='ocrx_word' id='word_1_231' title='bbox 359 1858 455 1895; x_wconf 90' lang='lat' dir='ltr'>mihi</span> <span class='ocrx_word' id='word_1_232' title='bbox 487 1861 518 1896; x_wconf 92' lang='lat' dir='ltr'>si</span> <span class='ocrx_word' id='word_1_233' title='bbox 550 1859 607 1895; x_wconf 83' lang='lat' dir='ltr'>vis</span> <span class='ocrx_word' id='word_1_234' title='bbox 641 1858 733 1896; x_wconf 87' lang='lat' dir='ltr'>dare</span> <span class='ocrx_word' id='word_1_235' title='bbox 766 1860 982 1906; x_wconf 82' lang='lat' dir='ltr'>dimidium,</span> <span class='ocrx_word' id='word_1_236' title='bbox 1014 1860 1205 1896; x_wconf 88' lang='lat' dir='ltr'>Indicium</span> <span class='ocrx_word' id='word_1_237' title='bbox 1238 1858 1394 1895; x_wconf 87' lang='lat' dir='ltr'>domino</span> <span class='ocrx_word' id='word_1_238' title='bbox 1426 1870 1503 1894; x_wconf 91' lang='lat' dir='ltr'>non</span> <span class='ocrx_word' id='word_1_239' title='bbox 1534 1855 1714 1895; x_wconf 74' lang='lat' dir='ltr'>faciam“.</span> 
     </span>
     <span class='ocr_line' id='line_1_26' title="bbox 229 1922 1714 1978; baseline -0.001 -15"><span class='ocrx_word' id='word_1_240' title='bbox 229 1922 482 1974; x_wconf 54' lang='lat' dir='ltr'>„Exciperffi</span> <span class='ocrx_word' id='word_1_241' title='bbox 520 1928 575 1963; x_wconf 85' lang='lat' dir='ltr'>ait</span> <span class='ocrx_word' id='word_1_242' title='bbox 607 1926 776 1964; x_wconf 87' lang='lat' dir='ltr'>Gronov.</span> <span class='ocrx_word' id='word_1_243' title='bbox 814 1932 897 1975; x_wconf 85' lang='lat' dir='ltr'>„est</span> <span class='ocrx_word' id='word_1_244' title='bbox 928 1929 1120 1978; x_wconf 85' lang='lat' dir='ltr'>recipere,</span> <span class='ocrx_word' id='word_1_245' title='bbox 1164 1927 1258 1964; x_wconf 83' lang='lat' dir='ltr'>dare</span> <span class='ocrx_word' id='word_1_246' title='bbox 1289 1927 1416 1963; x_wconf 86' lang='lat' dir='ltr'>locum</span> <span class='ocrx_word' id='word_1_247' title='bbox 1448 1925 1714 1971; x_wconf 84' lang='lat' dir='ltr'>delitescendi,</span> 
     </span>
     <span class='ocr_line' id='line_1_27' title="bbox 227 1993 1713 2045; baseline 0 -15"><span class='ocrx_word' id='word_1_248' title='bbox 227 1994 274 2031; x_wconf 88' lang='lat' dir='ltr'>cf.</span> <span class='ocrx_word' id='word_1_249' title='bbox 303 1993 380 2031; x_wconf 88' lang='lat' dir='ltr'>Cic.</span> <span class='ocrx_word' id='word_1_250' title='bbox 414 1993 549 2036; x_wconf 82' lang='lat' dir='ltr'>Manil.</span> <span class='ocrx_word' id='word_1_251' title='bbox 584 1997 619 2042; x_wconf 81' lang='lat'>9,</span> <span class='ocrx_word' id='word_1_252' title='bbox 655 1996 726 2032; x_wconf 80' lang='lat'>23:</span> <span class='ocrx_word' id='word_1_253' title='bbox 775 1995 877 2032; x_wconf 91' lang='lat' dir='ltr'>hunc</span> <span class='ocrx_word' id='word_1_254' title='bbox 908 1996 948 2032; x_wconf 89' lang='lat' dir='ltr'>in</span> <span class='ocrx_word' id='word_1_255' title='bbox 978 1996 1048 2032; x_wconf 81' lang='lat' dir='ltr'>illa</span> <span class='ocrx_word' id='word_1_256' title='bbox 1078 1997 1169 2045; x_wconf 85' lang='lat' dir='ltr'>fuga</span> <span class='ocrx_word' id='word_1_257' title='bbox 1200 1995 1386 2045; x_wconf 86' lang='lat' dir='ltr'>Tigranes</span> <span class='ocrx_word' id='word_1_258' title='bbox 1417 2007 1486 2031; x_wconf 89' lang='lat' dir='ltr'>rex</span> <span class='ocrx_word' id='word_1_259' title='bbox 1519 1993 1713 2043; x_wconf 71' lang='lat' dir='ltr'>excepit“.</span> 
     </span>
     <span class='ocr_line' id='line_1_28' title="bbox 226 2058 1714 2112; baseline -0.001 -13"><span class='ocrx_word' id='word_1_260' title='bbox 226 2081 281 2087; x_wconf 91' lang='lat'>—</span> <span class='ocrx_word' id='word_1_261' title='bbox 326 2058 393 2099; x_wconf 79' lang='lat' dir='ltr'>Ita</span> <span class='ocrx_word' id='word_1_262' title='bbox 425 2063 470 2099; x_wconf 91' lang='lat' dir='ltr'>cf.</span> <span class='ocrx_word' id='word_1_263' title='bbox 504 2063 646 2112; x_wconf 87' lang='lat' dir='ltr'>Amph.</span> <span class='ocrx_word' id='word_1_264' title='bbox 683 2065 774 2101; x_wconf 81' lang='lat'>358.</span> <span class='ocrx_word' id='word_1_265' title='bbox 835 2063 939 2100; x_wconf 90' lang='lat' dir='ltr'>Men.</span> <span class='ocrx_word' id='word_1_266' title='bbox 977 2065 1095 2101; x_wconf 91' lang='lat'>1074.</span> <span class='ocrx_word' id='word_1_267' title='bbox 1157 2063 1244 2100; x_wconf 87' lang='lat' dir='ltr'>Ter.</span> <span class='ocrx_word' id='word_1_268' title='bbox 1277 2063 1398 2100; x_wconf 84' lang='lat' dir='ltr'>Andr.</span> <span class='ocrx_word' id='word_1_269' title='bbox 1433 2063 1526 2099; x_wconf 88' lang='grc'>849.</span> <span class='ocrx_word' id='word_1_270' title='bbox 1558 2062 1606 2099; x_wconf 84' lang='lat' dir='ltr'>al.</span> <span class='ocrx_word' id='word_1_271' title='bbox 1660 2081 1714 2085; x_wconf 97' lang='lat'><strong>—</strong></span> 
     </span>
     <span class='ocr_line' id='line_1_29' title="bbox 228 2127 1713 2180; baseline -0.001 -13"><span class='ocrx_word' id='word_1_272' title='bbox 228 2130 321 2168; x_wconf 77' lang='lat'>769.</span> <span class='ocrx_word' id='word_1_273' title='bbox 359 2127 478 2179; x_wconf 69' lang='lat' dir='ltr'>Quid,</span> <span class='ocrx_word' id='word_1_274' title='bbox 509 2127 548 2168; x_wconf 79' lang='lat' dir='ltr'>Si</span> <span class='ocrx_word' id='word_1_275' title='bbox 569 2127 686 2178; x_wconf 70' lang='lat' dir='ltr'>fallis</span> <span class='ocrx_word' id='word_1_276' title='bbox 711 2132 848 2180; x_wconf 86' lang='lat' dir='ltr'>scripsi</span> <span class='ocrx_word' id='word_1_277' title='bbox 875 2145 962 2168; x_wconf 91' lang='lat' dir='ltr'>cum</span> <span class='ocrx_word' id='word_1_278' title='bbox 987 2131 1207 2169; x_wconf 83' lang='lat' dir='ltr'>Camerario</span> <span class='ocrx_word' id='word_1_279' title='bbox 1233 2135 1271 2168; x_wconf 88' lang='lat' dir='ltr'>et</span> <span class='ocrx_word' id='word_1_280' title='bbox 1295 2131 1506 2180; x_wconf 85' lang='lat' dir='ltr'>plerisque.</span> <span class='ocrx_word' id='word_1_281' title='bbox 1551 2130 1713 2178; x_wconf 80' lang='lat' dir='ltr'>Wagn.:</span> 
     </span>
     <span class='ocr_line' id='line_1_30' title="bbox 231 2195 1711 2249; baseline 0 -14"><span class='ocrx_word' id='word_1_282' title='bbox 231 2199 292 2245; x_wconf 79' lang='lat' dir='ltr'>„It</span> <span class='ocrx_word' id='word_1_283' title='bbox 331 2199 363 2235; x_wconf 87' lang='lat' dir='ltr'>si</span> <span class='ocrx_word' id='word_1_284' title='bbox 403 2195 532 2235; x_wconf 83' lang='lat' dir='ltr'>fallis“</span> <span class='ocrx_word' id='word_1_285' title='bbox 567 2203 634 2236; x_wconf 84' lang='lat' dir='ltr'>aut</span> <span class='ocrx_word' id='word_1_286' title='bbox 670 2196 843 2245; x_wconf 67' lang='lat' dir='ltr'>‚.falles“.</span> <span class='ocrx_word' id='word_1_287' title='bbox 907 2199 962 2237; x_wconf 88' lang='lat' dir='ltr'>Cf.</span> <span class='ocrx_word' id='word_1_288' title='bbox 996 2200 1137 2249; x_wconf 91' lang='lat' dir='ltr'>Amph.</span> <span class='ocrx_word' id='word_1_289' title='bbox 1173 2201 1273 2237; x_wconf 86' lang='lat'>388:</span> <span class='ocrx_word' id='word_1_290' title='bbox 1312 2198 1448 2246; x_wconf 78' lang='lat' dir='ltr'>„Quid‚</span> <span class='ocrx_word' id='word_1_291' title='bbox 1481 2200 1512 2235; x_wconf 90' lang='lat' dir='ltr'>si</span> <span class='ocrx_word' id='word_1_292' title='bbox 1544 2195 1711 2235; x_wconf 72' lang='lat' dir='ltr'>fallcs‘?“</span> 
     </span>
     <span class='ocr_line' id='line_1_31' title="bbox 229 2265 1376 2314; baseline 0.001 -11"><span class='ocrx_word' id='word_1_293' title='bbox 229 2267 346 2303; x_wconf 77' lang='lat' dir='ltr'>aliter</span> <span class='ocrx_word' id='word_1_294' title='bbox 379 2267 478 2304; x_wconf 81' lang='lat'>926:</span> <span class='ocrx_word' id='word_1_295' title='bbox 515 2266 584 2314; x_wconf 85' lang='lat' dir='ltr'>„Id</span> <span class='ocrx_word' id='word_1_296' title='bbox 615 2268 648 2304; x_wconf 86' lang='lat' dir='ltr'>si</span> <span class='ocrx_word' id='word_1_297' title='bbox 678 2266 811 2304; x_wconf 76' lang='lat' dir='ltr'>fallo“.</span> <span class='ocrx_word' id='word_1_298' title='bbox 843 2288 899 2293; x_wconf 82' lang='lat'>——</span> <span class='ocrx_word' id='word_1_299' title='bbox 932 2265 1037 2306; x_wconf 73' lang='lat' dir='ltr'>Tum</span> <span class='ocrx_word' id='word_1_300' title='bbox 1067 2279 1129 2306; x_wconf 80' lang='lat' dir='ltr'>me</span> <span class='ocrx_word' id='word_1_301' title='bbox 1161 2267 1248 2305; x_wconf 89' lang='lat' dir='ltr'>edd.</span> <span class='ocrx_word' id='word_1_302' title='bbox 1281 2272 1376 2304; x_wconf 79' lang='lat' dir='ltr'>vett.</span> 
     </span>
    </p>

    <p class='ocr_par' dir='ltr' id='par_1_3' title="bbox 217 2331 1716 2792">
     <span class='ocr_line' id='line_1_32' title="bbox 342 2331 1714 2382; baseline 0.001 -12"><span class='ocrx_word' id='word_1_303' title='bbox 342 2336 436 2372; x_wconf 87' lang='lat'>770.</span> <span class='ocrx_word' id='word_1_304' title='bbox 483 2331 558 2373; x_wconf 75' lang='lat' dir='ltr'>Sat</span> <span class='ocrx_word' id='word_1_305' title='bbox 595 2331 737 2382; x_wconf 74' lang='grc' dir='ltr'><em>Ῑιαόθο,</em></span> <span class='ocrx_word' id='word_1_306' title='bbox 787 2336 831 2373; x_wconf 88' lang='lat' dir='ltr'>cf.</span> <span class='ocrx_word' id='word_1_307' title='bbox 874 2335 993 2373; x_wconf 88' lang='lat' dir='ltr'>Most.</span> <span class='ocrx_word' id='word_1_308' title='bbox 1028 2337 1120 2374; x_wconf 81' lang='lat'>643.</span> <span class='ocrx_word' id='word_1_309' title='bbox 1182 2336 1268 2373; x_wconf 87' lang='lat' dir='ltr'>Ter.</span> <span class='ocrx_word' id='word_1_310' title='bbox 1302 2335 1402 2373; x_wconf 87' lang='lat' dir='ltr'>Eun.</span> <span class='ocrx_word' id='word_1_311' title='bbox 1437 2336 1529 2373; x_wconf 86' lang='grc'>485.</span> <span class='ocrx_word' id='word_1_312' title='bbox 1591 2333 1714 2372; x_wconf 88' lang='lat' dir='ltr'>Andr.</span> 
     </span>
     <span class='ocr_line' id='line_1_33' title="bbox 228 2400 1710 2453; baseline -0.001 -14"><span class='ocrx_word' id='word_1_313' title='bbox 228 2404 307 2440; x_wconf 81' lang='lat'>705</span> <span class='ocrx_word' id='word_1_314' title='bbox 335 2406 373 2439; x_wconf 87' lang='lat' dir='ltr'>et</span> <span class='ocrx_word' id='word_1_315' title='bbox 400 2404 491 2448; x_wconf 75' lang='lat'>335,</span> <span class='ocrx_word' id='word_1_316' title='bbox 525 2403 574 2440; x_wconf 86' lang='lat' dir='ltr'>ad</span> <span class='ocrx_word' id='word_1_317' title='bbox 600 2417 714 2453; x_wconf 85' lang='lat' dir='ltr'>quem</span> <span class='ocrx_word' id='word_1_318' title='bbox 740 2403 868 2441; x_wconf 87' lang='lat' dir='ltr'>locum</span> <span class='ocrx_word' id='word_1_319' title='bbox 891 2403 1089 2441; x_wconf 85' lang='lat' dir='ltr'>Donatus:</span> <span class='ocrx_word' id='word_1_320' title='bbox 1126 2404 1214 2452; x_wconf 85' lang='lat' dir='ltr'>„Sic</span> <span class='ocrx_word' id='word_1_321' title='bbox 1239 2405 1391 2453; x_wconf 85' lang='lat' dir='ltr'>antiqui</span> <span class='ocrx_word' id='word_1_322' title='bbox 1414 2417 1486 2453; x_wconf 88' lang='lat' dir='ltr'>pro</span> <span class='ocrx_word' id='word_1_323' title='bbox 1518 2400 1710 2450; x_wconf 84' lang='lat' dir='ltr'>„sufficit“</span> 
     </span>
     <span class='ocr_line' id='line_1_34' title="bbox 226 2468 1713 2518; baseline 0 -10"><span class='ocrx_word' id='word_1_324' title='bbox 226 2471 321 2508; x_wconf 75' lang='lat' dir='ltr'>satis</span> <span class='ocrx_word' id='word_1_325' title='bbox 360 2471 487 2508; x_wconf 86' lang='lat' dir='ltr'>habeo</span> <span class='ocrx_word' id='word_1_326' title='bbox 528 2470 748 2508; x_wconf 59' lang='lat' dir='ltr'>dicebauffl.</span> <span class='ocrx_word' id='word_1_327' title='bbox 787 2491 843 2496; x_wconf 81' lang='lat'>—</span> <span class='ocrx_word' id='word_1_328' title='bbox 881 2474 974 2510; x_wconf 87' lang='lat'>771.</span> <span class='ocrx_word' id='word_1_329' title='bbox 1023 2468 1268 2518; x_wconf 70' lang='lat' dir='ltr'>anomalus,</span> <span class='ocrx_word' id='word_1_330' title='bbox 1309 2472 1356 2509; x_wconf 89' lang='lat' dir='ltr'>cf.</span> <span class='ocrx_word' id='word_1_331' title='bbox 1393 2473 1485 2509; x_wconf 86' lang='lat'>677.</span> <span class='ocrx_word' id='word_1_332' title='bbox 1525 2491 1580 2496; x_wconf 77' lang='lat'>-—</span> <span class='ocrx_word' id='word_1_333' title='bbox 1621 2471 1713 2508; x_wconf 80' lang='lat'>772.</span> 
     </span>
     <span class='ocr_line' id='line_1_35' title="bbox 217 2539 1714 2589; baseline -0.001 -13"><span class='ocrx_word' id='word_1_334' title='bbox 217 2539 341 2587; x_wconf 73' lang='lat' dir='ltr'>pater</span> <span class='ocrx_word' id='word_1_335' title='bbox 378 2539 554 2576; x_wconf 82' lang='lat' dir='ltr'>ultimam</span> <span class='ocrx_word' id='word_1_336' title='bbox 592 2539 811 2589; x_wconf 89' lang='lat' dir='ltr'>producere</span> <span class='ocrx_word' id='word_1_337' title='bbox 849 2541 986 2576; x_wconf 80' lang='lat' dir='ltr'>statuit</span> <span class='ocrx_word' id='word_1_338' title='bbox 1026 2539 1239 2587; x_wconf 71' lang='lat' dir='ltr'>Fleckeis,</span> <span class='ocrx_word' id='word_1_339' title='bbox 1286 2540 1426 2577; x_wconf 84' lang='lat' dir='ltr'>Annal.</span> <span class='ocrx_word' id='word_1_340' title='bbox 1473 2539 1571 2589; x_wconf 90' lang='lat' dir='ltr'>phil.</span> <span class='ocrx_word' id='word_1_341' title='bbox 1612 2539 1714 2586; x_wconf 87' lang='lat' dir='ltr'>LXI,</span> 
     </span>
     <span class='ocr_line' id='line_1_36' title="bbox 227 2605 1715 2657; baseline -0.001 -12"><span class='ocrx_word' id='word_1_342' title='bbox 227 2620 265 2656; x_wconf 90' lang='lat' dir='ltr'>p.</span> <span class='ocrx_word' id='word_1_343' title='bbox 300 2609 370 2654; x_wconf 78' lang='lat'>323</span> <span class='ocrx_word' id='word_1_344' title='bbox 417 2607 657 2645; x_wconf 87' lang='lat' dir='ltr'>Ritschelius</span> <span class='ocrx_word' id='word_1_345' title='bbox 701 2606 873 2655; x_wconf 83' lang='lat' dir='ltr'>(Proleg.</span> <span class='ocrx_word' id='word_1_346' title='bbox 906 2608 1014 2645; x_wconf 92' lang='lat' dir='ltr'>Trin.</span> <span class='ocrx_word' id='word_1_347' title='bbox 1054 2621 1091 2657; x_wconf 91' lang='lat' dir='ltr'>p.</span> <span class='ocrx_word' id='word_1_348' title='bbox 1125 2607 1356 2655; x_wconf 87' lang='lat' dir='ltr'>CLXXVII)</span> <span class='ocrx_word' id='word_1_349' title='bbox 1396 2605 1487 2645; x_wconf 72' lang='lat' dir='ltr'>hina</span> <span class='ocrx_word' id='word_1_350' title='bbox 1524 2606 1715 2644; x_wconf 82' lang='lat' dir='ltr'>excidisse</span> 
     </span>
     <span class='ocr_line' id='line_1_37' title="bbox 229 2675 1714 2724; baseline -0.001 -12"><span class='ocrx_word' id='word_1_351' title='bbox 229 2678 380 2712; x_wconf 78' lang='lat' dir='ltr'>statuit.</span> <span class='ocrx_word' id='word_1_352' title='bbox 422 2696 477 2700; x_wconf 90' lang='lat'>—</span> <span class='ocrx_word' id='word_1_353' title='bbox 521 2686 644 2713; x_wconf 62' lang='lat' dir='ltr'>vocor</span> <span class='ocrx_word' id='word_1_354' title='bbox 681 2676 773 2712; x_wconf 89' lang='lat' dir='ltr'>olim</span> <span class='ocrx_word' id='word_1_355' title='bbox 815 2676 1076 2713; x_wconf 80' lang='lat' dir='ltr'>emendatum.</span> <span class='ocrx_word' id='word_1_356' title='bbox 1114 2680 1172 2700; x_wconf 86' lang='lat'>&#39;—</span> <span class='ocrx_word' id='word_1_357' title='bbox 1219 2678 1313 2714; x_wconf 86' lang='lat'>773.</span> <span class='ocrx_word' id='word_1_358' title='bbox 1346 2675 1507 2713; x_wconf 83' lang='lat' dir='ltr'>Codices</span> <span class='ocrx_word' id='word_1_359' title='bbox 1548 2678 1588 2712; x_wconf 88' lang='lat' dir='ltr'>in</span> <span class='ocrx_word' id='word_1_360' title='bbox 1626 2688 1714 2724; x_wconf 88' lang='lat' dir='ltr'>per-</span> 
     </span>
     <span class='ocr_line' id='line_1_38' title="bbox 228 2743 1716 2792; baseline -0.001 -12"><span class='ocrx_word' id='word_1_361' title='bbox 228 2745 333 2780; x_wconf 82' lang='lat' dir='ltr'>sonis</span> <span class='ocrx_word' id='word_1_362' title='bbox 373 2743 651 2781; x_wconf 88' lang='lat' dir='ltr'>distribuendis</span> <span class='ocrx_word' id='word_1_363' title='bbox 691 2748 844 2781; x_wconf 86' lang='lat' dir='ltr'>secutus</span> <span class='ocrx_word' id='word_1_364' title='bbox 890 2743 1029 2791; x_wconf 80' lang='lat' dir='ltr'>W&#39;agn.</span> <span class='ocrx_word' id='word_1_365' title='bbox 1072 2744 1263 2792; x_wconf 84' lang='lat' dir='ltr'>Lyconidi</span> <span class='ocrx_word' id='word_1_366' title='bbox 1301 2745 1380 2781; x_wconf 85' lang='lat' dir='ltr'>haec</span> <span class='ocrx_word' id='word_1_367' title='bbox 1426 2743 1586 2780; x_wconf 88' lang='lat' dir='ltr'>tribuit:</span> <span class='ocrx_word' id='word_1_368' title='bbox 1646 2743 1716 2790; x_wconf 79' lang='lat' dir='ltr'>„Id</span> 
     </span>
    </p>
   </div>
  </div>
 </body>
</html>
