1897 3171
240 188 320 226 376
874 181 1085 215 Bacchides.

239 318 277 349 et
309 312 469 361 quaerit,
503 323 587 359 quae
629 312 710 347 eius
748 311 806 346 rei
836 324 952 348 causa
983 312 1044 357 sit,
1078 315 1114 346 et
1147 323 1317 358 quanam
1349 323 1440 346 cura
1470 311 1741 348 sollicitetur-.

238 381 419 416 Amorem
439 392 519 416 esse
543 379 775 427 suspicatur,
805 380 966 428 eiusque
990 379 1066 415 duo
1092 390 1233 425 genera
1260 377 1383 423 affert,
1417 391 1501 427 quae
1526 380 1725 428 quomodo

240 449 476 496 posteriores
507 443 779 492 discreverint,
813 461 859 483 ex
880 446 1034 483 Afranii
1056 446 1153 491 loco,
1188 459 1301 494 quem
1327 445 1482 482 Servius
1511 451 1549 482 et
1573 447 1724 484 Nonius

239 515 421 561 laudant,
468 505 653 564 apparet,
699 514 861 551 Plautus
900 515 965 550 vix
1002 517 1087 569 tam.
1121 512 1320 549 subtiliter
1350 512 1548 551 discrevit.
1610 515 1724 560 Quod

241 583 288 619 ad
333 595 486 619 versum
525 584 686 627 attinet,
734 587 800 619 aut
832 595 916 619 cum
956 581 1169 618 Ritschelio
1214 580 1429 626 .,confecit“
1475 583 1723 620 scribendum

240 651 396 687 videtur
427 653 494 687 aut
529 648 625 696 „an“
659 663 731 698 pro
768 649 928 695 „anne“.
1000 649 1152 686 Afranii
1184 653 1313 685 autem
1344 649 1513 686 fabulam
1543 651 1725 700 plerique

241 718 482 755 Cinerariam
514 731 597 754 esse
627 721 779 766 putant,
811 731 846 755 v.
880 717 992 755 Ribb.
1025 731 1061 754 v.
1095 718 1159 754 23.
1219 716 1468 764 Ritschelius‚
1502 718 1641 766 OPUSC.
1675 719 1723 765 II,

240 801 278 836 p.
314 788 411 833 328,
459 787 513 822 sic
554 785 680 823 Servii
719 786 847 823 locum
889 787 1076 823 correxit:
1122 784 1376 834 „Cupidinem
1411 816 1418 822 .
1447 815 1453 822 .
1483 817 1489 823 .
1523 786 1724 824 dicebant:

242 869 330 891 nam
370 855 469 891 alius
508 857 567 891 est
604 866 729 900 amor,
777 854 876 890 alius
915 853 1071 902 cupido.
1146 853 1333 890 Afranius
1380 854 1481 890 enim
1528 856 1728 891 contraria

241 924 374 973 posuit
408 926 565 970 „amant
596 923 807 971 sapientes,
840 922 1003 971 cupiunt
1034 920 1176 958 ceteri‘''
1214 925 1252 958 et
1282 921 1444 958 Plautus
1475 920 1572 959 etc.“

358 992 404 1028 19
439 1003 522 1039 sqq.
575 989 696 1027 Soror
726 1003 787 1027 res
819 1003 906 1026 suas
935 993 1072 1026 narrat
1102 991 1240 1027 sorori.
1301 989 1402 1026 Sami
1436 1003 1475 1026 se
1507 994 1726 1027 amatorem

242 1059 425 1096 habuisse
464 1057 763 1103 Mnesilochum,
811 1071 927 1107 quem
972 1059 1059 1107 ipsa
1103 1059 1190 1106 pari
1235 1071 1366 1094 amore
1408 1058 1726 1106 amplecteretur,

241 1126 308 1163 sed
340 1139 459 1176 quum
489 1127 521 1163 is
553 1127 800 1173 negotiorum
833 1139 948 1163 causa
979 1125 1135 1171 abisset,
1168 1127 1304 1175 inopia
1336 1129 1508 1163 coactam
1539 1139 1579 1163 se
1610 1126 1727 1162 militi

242 1195 471 1233 Cleomacho
502 1195 541 1231 in
573 1207 716 1231 annum
746 1197 985 1231 auctoratam
1017 1207 1099 1231 esse
1130 1194 1278 1231 homini
1302 1197 1339 1230 et
1366 1194 1528 1231 ridicule
1554 1194 1727 1241 glorioso

242 1267 281 1301 et
312 1264 403 1300 saevi
434 1264 566 1308 animi,
601 1260 668 1312 qui
699 1276 739 1299 se
771 1267 810 1299 et
839 1263 938 1299 male
969 1266 1159 1299 tractaret
1190 1266 1228 1299 et
1258 1263 1393 1311 peiora
1424 1264 1651 1308 minaretur,
1683 1265 1728 1299 ut

241 1331 288 1369 ab
320 1345 364 1369 eo
397 1331 506 1369 abire
538 1344 654 1380 quam
685 1331 850 1367 maxime
884 1335 1053 1379 cuperet.
1116 1330 1277 1367 Creticis
1310 1331 1480 1367 numeris
1507 1330 1587 1366 haec
1614 1343 1729 1367 scena

242 1401 458 1449 composita
489 1400 575 1436 fuit.
644 1399 898 1436 Tetrametris
936 1400 1161 1448 exposuisse
1193 1399 1349 1435 videtur
1381 1396 1605 1444 (19-20),
1653 1411 1730 1446 qua

242 1469 395 1505 ratione
427 1467 693 1505 Mnesilochus
724 1480 765 1503 se
798 1467 946 1515 alloqui
979 1467 1119 1503 solitus
1151 1471 1264 1504 esset.
1301 1487 1350 1491 -
1390 1468 1436 1503 21
1475 1466 1611 1503 eodem
1643 1479 1729 1515 per-

243 1537 407 1573 tinuisse
452 1539 597 1585 potest.
642 1555 698 1559 -—
744 1536 928 1580 22-23,
977 1548 1062 1584 quae
1100 1534 1250 1571 Nonius
1296 1535 1482 1571 continuo
1528 1539 1617 1571 ante
1663 1534 1732 1570 illa.

245 1605 370 1650 affert,
400 1607 568 1654 propter
598 1603 896 1640 similitudinem
929 1603 1007 1639 illis
1039 1604 1220 1651 opposita
1250 1603 1368 1639 fuisse
1400 1602 1654 1646 crediderim,
1685 1605 1731 1638 ut

244 1672 406 1710 Bacchis
458 1672 646 1709 saevitiam
694 1671 830 1708 militis
875 1670 1092 1707 identidem
1144 1672 1304 1708 serviles
1356 1683 1489 1720 poenas
1536 1670 1732 1719 crepantis

244 1741 479 1790 depinxerit.
528 1740 714 1776 Extrema
744 1739 877 1785 verba,
913 1734 982 1775 Fit
1004 1736 1133 1786 peior,
1157 1740 1239 1775 sine
1272 1739 1389 1776 dubio
1419 1742 1602 1788 corrupta
1626 1742 1728 1775 sunt.

244 1829 299 1834 -
331 1810 381 1846 24
401 1822 499 1857 sqq.,
533 1807 674 1857 quibus
697 1807 832 1844 militis
856 1807 1054 1855 ingenium
1079 1806 1323 1852 describitur,
1357 1807 1552 1843 bacchiaci
1577 1807 1732 1854 generis

245 1882 346 1914 sunt.
413 1872 665 1923 ,Αἶαίνοηθδιί
702 1876 757 1912 ait
782 1875 923 1912 Festus
954 1888 992 1925 p.
1023 1877 1100 1913 118
1137 1888 1224 1922 ..005
1256 1875 1406 1924 antiqui
1439 1874 1632 1920 dicebant,
1666 1875 1733 1922 qui

246 1945 427 1982 conducti
467 1944 708 1990 militabant,
756 1943 829 1979 ἀπὸ
868 1946 924 1988 τῆς
962 1941 1163 1992 λατρειάς“.
1230 1943 1355 1980 Varro
1386 1943 1430 1980 L.
1463 1942 1505 1979 L.
1540 1942 1629 1988 VII,
1682 1943 1730 1979 52

245 2013 340 2050 alias
387 2025 560 2062 quoque,
608 2025 677 2049 nec
722 2012 923 2058 meliores,
987 2012 1243 2060 etymologias
1287 2012 1458 2061 profert3
1504 2010 1572 2047 sed
1611 2011 1658 2046 de
1695 2011 1733 2046 vi

244 2082 411 2118 nominis
443 2084 608 2126 constat,
642 2080 688 2117 cf.
721 2080 806 2118 Mil.
840 2081 904 2117 74.
939 2080 1032 2118 944.
1092 2080 1208 2117 Poen.
1246 2081 1444 2126 666.669;
1491 2078 1582 2115 inde
1613 2078 1735 2114 latro-

246 2149 368 2186 cinari
414 2152 472 2185 est
516 2148 694 2185 mercede
739 2148 919 2195 militari,
967 2162 1002 2186 v,
1044 2148 1127 2186 Mil.
1164 2148 1255 2185 501.
1316 2148 1435 2185 Poen.
1470 2149 1562 2184 707.
1624 2146 1731 2183 Triu.

248 2218 340 2254 599.
401 2216 595 2254 Cornicul.
627 2229 688 2265 ap.
721 2215 833 2253 Varr.
865 2217 889 2254 l.
922 2217 948 2254 1.
981 2236 1036 2241 —
1068 2218 1246 2254 25-28,
1286 2216 1479 2262 Quattuor
1509 2215 1580 2252 hos
1610 2218 1732 2251 tetra-

244 2289 388 2322 metros
426 2284 654 2322 bacchiacos
685 2284 922 2321 Ritschelius
961 2299 1007 2322 ex
1044 2285 1163 2321 variis
1202 2284 1434 2332 fragmentis
1481 2283 1734 2330 sagacissime

245 2354 505 2399 concinnavit,
537 2366 573 2390 v.
593 2351 692 2389 Mus.
710 2352 832 2389 Rhen.
865 2352 929 2398 IV,
962 2367 999 2402 p.
1038 2354 1114 2390 148
1148 2358 1187 2389 et
1218 2352 1359 2401 Opusc.
1392 2351 1439 2397 II⁷
1472 2365 1510 2400 p.
1546 2352 1622 2388 373
1659 2364 1731 2399 sq.‚

245 2436 267 2458 a
298 2435 374 2471 quo
405 2434 483 2458 non
515 2421 696 2466 discessi,
742 2422 818 2457 nisi
859 2420 962 2469 quod
999 2421 1066 2457 ille
1103 2418 1239 2469 .‚Dic“‚
1278 2433 1350 2468 ego
1387 2417 1511 2467 „Sed·“
1548 2418 1732 2468 supplere

245 2490 376 2526 malui.
451 2489 633 2526 Formam
676 2485 823 2526 cuiatis
863 2488 1086 2525 Priscianus
1131 2491 1274 2525 iterum
1319 2490 1596 2525 commemorat
1634 2486 1730 2522 Inst.

244 2557 368 2604 XVII,
403 2559 452 2594 23
486 2572 523 2607 p.
561 2558 637 2594 122
670 2557 741 2596 Hz.
778 2556 947 2605 „gentile
980 2557 1102 2602 cuias,
1153 2558 1261 2593 cuius
1299 2556 1583 2593 nominativum
1615 2555 1735 2590 etiam

245 2617 384 2663 cuiatis
417 2626 608 2662 communi
639 2638 780 2674 genere
812 2624 964 2672 antiqui
995 2624 1289 2673 proferebanff.
1337 2624 1434 2661 Tum
1467 2622 1579 2658 affert
1602 2621 1732 2658 Plaut.

244 2693 365 2731 Poen.
409 2694 488 2731 996
535 2697 574 2730 et
613 2694 691 2730 997
733 2695 773 2730 et
810 2692 914 2729 Men.
958 2693 1050 2729 337.
1125 2692 1230 2729 Addi
1270 2696 1403 2742 potest
1442 2689 1595 2728 Curcul.
1639 2690 1733 2726 407.

245 2781 301 2786 —-
331 2761 376 2799 V.
411 2763 461 2799 26
494 2757 672 2799 Ῐιαῖἰίαηί
702 2775 781 2798 0111.
828 2759 1038 2797 Hermann.
1114 2759 1229 2797 Miles
1269 2764 1348 2797 tam
1387 2759 1542 2796 fortiter
1584 2760 1737 2805 spirare
