1897 3171
275 178 358 218 560
931 174 1110 210 Curculio.

270 300 532 343 Summanus
571 303 821 353 magnificum
862 317 1005 342 nomen
1037 308 1115 351 est,
1163 307 1217 342 sic
1256 306 1358 342 enim
1397 307 1624 355 appellatur
1661 307 1768 345 Deus

273 372 539 410 Romanorum
571 373 769 421 antiquuS,
803 385 824 409 a
857 385 934 421 quo
959 378 1154 410 nocturna
1180 372 1337 420 fulgura
1361 374 1466 411 mitti
1491 371 1765 422 credebantur,

272 439 321 477 cf.
355 439 404 477 ad
435 439 573 477 Bacch.
609 441 702 478 890.
777 439 917 490 Itaque
950 440 1055 490 Lyco
1100 440 1235 478 audito
1268 442 1424 478 nomine
1455 443 1625 492 primum
1658 445 1769 493 quasi

273 507 388 545 deum
434 508 598 554 salutat,
646 507 789 544 deinde
833 510 1003 546 nominis
1050 510 1244 546 rationem
1285 511 1437 558 quaerit.
1514 509 1564 547 Et
1603 511 1768 549 ridicule

271 575 484 613 admodum
518 575 708 622 audimus,
741 576 857 624 longe
890 577 1007 614 aliam
1032 577 1146 625 hujus
1171 579 1341 614 nominis
1366 579 1559 625 originem
1585 582 1624 616 et
1650 580 1768 629 signi—

273 645 465 681 cationem
504 657 599 681 esse.
677 643 893 681 Derivatur
931 646 1034 682 enim
1075 659 1095 682 a
1137 643 1440 683 summcmcmdo
1478 648 1504 684 i.
1539 660 1571 683 e.
1604 644 1768 685 subma-

270 709 424 758 nando,
457 711 563 761 quod.
586 712 818 750 vocabulum
843 714 926 761 ipse
951 712 1116 750 Plautus
1141 712 1266 760 finxit,
1301 714 1368 750 sed
1399 718 1503 751 recte
1534 713 1659 761 finxit,
1695 716 1769 752 nisi

271 779 380 830 quod
411 780 596 817 manandi
626 780 836 828 vocabulo,
879 781 1012 818 addita
1053 783 1353 831 praepositione,
1400 783 1649 820 transitivam
1691 786 1769 820 vim

270 847 434 895 tribuit,
481 852 527 886 ut
564 849 811 886 madefacere
853 848 1057 899 significet.
1119 849 1179 886 Ita
1219 850 1414 900 appellari
1456 850 1601 888 dicitur
1633 851 1769 889 militis

271 915 457 963 libertus,
501 918 593 966 quia
626 917 754 954 ebrius
793 931 864 967 per
896 930 1075 954 somnum
1116 919 1350 955 vestimenta
1391 923 1527 967 supter
1566 932 1606 956 se
1645 923 1770 957 strata

270 984 481 1034 mingendo
513 985 678 1034 polluat.
741 985 842 1022 Mire
874 986 1026 1034 priores
1051 987 1289 1035 interpretes
1315 986 1386 1024 hoc
1410 986 1571 1024 verbum
1596 1001 1615 1024 a
1644 997 1770 1026 manu

271 1051 432 1090 ductum
477 1056 690 1102 putarunt,
738 1055 850 1102 quasi
896 1054 1105 1103 ὑποχείριον
1133 1058 1285 1097 ποιεῖν,
1332 1056 1444 1105 eique
1490 1055 1647 1092 furandi
1692 1057 1768 1092 vim

238 1120 515 1164 -tribuerunt,
563 1121 667 1158 unde
709 1122 773 1158 alii
813 1123 888 1159 viri
928 1123 1033 1160 docti
1073 1123 1237 1160 ulterius
1277 1123 1478 1173 progressi
1517 1123 1768 1161 Summanum

271 1188 401 1226 furum
426 1188 541 1226 deum
566 1189 757 1237 fecerunt,
791 1191 899 1228 velut
922 1191 1099 1238 Preller„
1134 1191 1314 1239 Religion
1347 1191 1416 1228 der
1440 1191 1584 1228 Romer
1608 1206 1646 1242 p.
1675 1194 1767 1230 218.

271 1257 387 1294 Furis
419 1270 495 1294 non
528 1262 587 1294 est
621 1258 773 1294 ebrium
806 1258 997 1306 dormire,
1046 1259 1115 1297 sed
1153 1273 1224 1309 per
1255 1265 1405 1297 noctem
1439 1260 1616 1309 vigilare.
1680 1260 1770 1298 Haec

271 1338 391 1374 quum
424 1330 514 1363 ante
547 1326 691 1363 multos
724 1340 845 1364 annos
878 1329 1145 1377 scripsissem,
1188 1330 1265 1365 iam
1297 1328 1410 1366 video
1445 1329 1563 1365 etiam
1596 1327 1770 1378 Gepper-

270 1398 353 1430 tum
380 1395 419 1431 in
443 1395 775 1444 interpretatione
794 1394 1028 1433 Germanica
1052 1400 1089 1433 et
1118 1396 1366 1443 Merolinum,
1399 1395 1484 1432 Ind.
1503 1395 1627 1445 Dorp.
1645 1410 1684 1446 p.
1707 1398 1768 1442 10,

270 1474 403 1499 veram
445 1463 666 1511 explicandi
705 1464 897 1500 rationem
939 1464 1138 1513 amplexos
1177 1477 1272 1501 esse.
1314 1483 1364 1488 —
1412 1465 1506 1502 415.
1556 1463 1597 1501 Si
1636 1477 1769 1502 versus

272 1530 426 1578 integer
457 1535 534 1577 est,
569 1531 704 1568 hiatur
735 1535 826 1568 ante
858 1528 1014 1579 ebriet&
1058 1532 1116 1571 Fl.
1148 1533 1408 1580 „uestimenta
1448 1530 1556 1570 mea‘²
1600 1534 1769 1582 scripsit,

271 1598 428 1636 Miiller.
464 1603 531 1636 aut
567 1600 632 1645 ..in
663 1597 791 1637 lecto‘'
828 1604 895 1637 aut
933 1599 1087 1647 „humi“
1124 1601 1236 1647 add.;
1283 1600 1402 1638 alius:
1451 1600 1540 1648 „ubi
1573 1598 1686 1649 ego“,
1727 1605 1770 1638 ut

272 1666 404 1704 hiatus
436 1667 475 1704 in
507 1680 655 1704 caesura
687 1669 949 1718 relinquatur.
991 1689 1044 1694 —
1083 1670 1176 1707 417.
1224 1666 1412 1715 meliust,
1454 1668 1500 1706 of.
1533 1669 1641 1706 Asin.
1677 1668 1768 1706 247.

272 1735 392 1773 Most.
416 1737 535 1773 1051.
582 1735 686 1774 Men.
710 1738 829 1774 1069.
877 1737 1032 1775 Trucul.
1061 1738 1154 1776 833.
1186 1757 1241 1763 --
1273 1739 1367 1775 419.
1400 1735 1539 1784 istum,
1573 1740 1768 1783 attractio,

269 1803 318 1841 cf.
353 1804 494 1854 Amph.
533 1805 652 1842 1002.
694 1824 750 1829 —
796 1806 889 1843 423.
937 1803 1105 1855 simiam
1136 1816 1278 1852 nosce,
1327 1805 1374 1844 cf.
1407 1806 1546 1843 Bacch.
1582 1807 1675 1844 784.
1716 1825 1771 1830 —

272 1873 367 1910 424.
401 1870 560 1910 dissicit
585 1876 674 1909 cett.
694 1872 820 1919 codd,
854 1874 877 1911 i.
897 1887 929 1911 e.
949 1873 1129 1921 dissecat,
1163 1878 1205 1912 ut
1230 1878 1334 1912 recte
1359 1874 1524 1924 glossar.
1552 1874 1646 1912 Mai.
1666 1878 1768 1911 auct.

271 1940 384 1978 class.
419 1940 522 1987 VHL
561 1942 651 1978 178.
684 1955 719 1978 v.
754 1941 942 1979 Ribbeck.
976 1942 1221 1980 Comicorum
1255 1943 1393 1991 fragm.
1428 1942 1488 1980 ed.
1521 1942 1577 1989 II,
1611 1956 1649 1992 p.
1676 1942 1770 1979 XIII

271 2021 342 2057 sq,
377 2010 443 2058 qui
476 2022 593 2058 quum
628 2009 675 2046 de
706 2009 831 2046 Naevii
863 2024 898 2047 v.
934 2012 1005 2048 57:
1059 2010 1201 2057 „sax-a,
1235 2011 1374 2058 siluas,
1408 2011 1583 2060 lapides,
1618 2015 1771 2048 montes

273 2076 425 2114 dissicis
467 2074 740 2126 dispulueras“
781 2078 1033 2126 subdubitet,
1081 2092 1158 2116 non
1197 2079 1354 2116 dubitat
1386 2080 1481 2128 quin
1513 2079 1685 2116 Titinius
1719 2080 1769 2115 84

271 2146 492 2194 scripserit:
550 2158 736 2194 „pernam
789 2150 912 2184 totam
959 2144 1150 2194 dissicit“',
1215 2150 1254 2184 et
1300 2147 1495 2196 Vergilius
1540 2146 1631 2185 AEn.
1682 2146 1769 2193 XII,

274 2214 372 2251 308:
425 2214 517 2261 „ille
557 2215 683 2251 securi
714 2214 883 2253 Adversi
923 2216 1091 2253 frontem
1124 2215 1292 2253 mediam
1325 2218 1578 2264 mentumque
1611 2214 1772 2252 reducta

271 2278 474 2320 Dissicit“.
500 2302 554 2306 —-
586 2283 680 2320 425.
720 2280 962 2332 scriptumst
994 2284 1127 2331 codd.,
1182 2283 1241 2321 Fl.
1278 2285 1493 2334 „scriptum
1534 2280 1678 2320 esset“.
1717 2302 1772 2308 -—

270 2347 464 2397 {usas-erat,
498 2364 533 2388 v.
567 2349 617 2388 ad
646 2351 788 2400 Amph.
825 2353 916 2389 379.
950 2372 1004 2378 —
1037 2354 1130 2391 426.
1167 2348 1361 2400 Profecto
1391 2352 1581 2389 inusitate
1614 2351 1770 2388 dicitur.

270 2418 421 2468 Grepp.:
461 2417 749 2465 „Perfectum“.
768 2421 934 2458 —428.
969 2420 1158 2468 [asseram
1183 2424 1274 2458 cett.
1301 2420 1598 2458 codd.-—429.
1632 2419 1771 2456 Hiatus

272 2491 310 2523 et
344 2490 435 2536 post
465 2482 624 2536 Lyconi
661 2491 699 2524 et
738 2491 830 2538 post
867 2484 1037 2536 hospiti,
1081 2493 1125 2525 ut
1166 2490 1206 2525 in
1239 2489 1418 2539 epistolis
1449 2501 1534 2525 esse
1565 2488 1686 2533 solet,
1735 2500 1769 2524 v.

272 2554 427 2604 Proleg.
445 2568 483 2604 p.
507 2556 599 2593 218.
647 2555 706 2593 Fl.
730 2555 896 2605 „hospes
921 2555 1095 2605 hospiti“
1124 2558 1294 2607 scripsit.
1341 2557 1506 2606 Antiqui
1538 2555 1624 2593 edd.
1648 2553 1767 2602 „suo‘²

271 2636 320 2659 ex
343 2624 523 2672 proximo
549 2636 664 2661 versu
689 2624 764 2661 huc
790 2627 1051 2671 retraxerunt,
1086 2625 1191 2673 quod
1216 2626 1316 2663 male
1341 2625 1508 2674 probavi
1535 2624 1575 2660 in
1591 2623 1768 2672 Prolegg.

271 2703 310 2739 p.
345 2692 438 2728 208.
479 2711 534 2715 —
579 2692 674 2729 431.
721 2689 847 2730 Meus
886 2692 966 2739 est,
1014 2692 1060 2729 cf.
1093 2692 1232 2731 Bacch.
1270 2695 1360 2732 101.
1436 2689 1599 2731 hammn
1638 2691 1769 2737 uorat,

271 2760 430 2806 capitur
460 2762 660 2808 tamquam
692 2761 830 2810 piscis.
879 2760 926 2798 cf.
960 2760 1116 2797 Trucul.
1151 2761 1215 2797 42.
1258 2781 1311 2786 ——
1353 2762 1447 2798 432.
1496 2756 1646 2797 Tecrum
1686 2768 1770 2805 Oro,
