<?xml version="1.0" encoding="UTF-8"?>
<!DOCTYPE html PUBLIC "-//W3C//DTD XHTML 1.0 Transitional//EN"
    "http://www.w3.org/TR/xhtml1/DTD/xhtml1-transitional.dtd">
<html xmlns="http://www.w3.org/1999/xhtml" xml:lang="en" lang="en">
 <head>
  <title>
</title>
<meta http-equiv="Content-Type" content="text/html;charset=utf-8" />
  <meta name='ocr-system' content='tesseract 3.04.00' />
  <meta name='ocr-capabilities' content='ocr_page ocr_carea ocr_par ocr_line ocrx_word'/>
</head>
<body>
  <div class='ocr_page' id='page_1' title='image "./comoediaerecensu02plauuoft_0323.png"; bbox 0 0 1897 3171; ppageno 0'>
   <div class='ocr_carea' id='block_1_1' title="bbox 776 175 1647 215">
    <p class='ocr_par' dir='ltr' id='par_1_1' title="bbox 776 175 1647 215">
     <span class='ocr_line' id='line_1_1' title="bbox 776 175 1647 215; baseline -0.003 -6"><span class='ocrx_word' id='word_1_1' title='bbox 776 175 816 209; x_wconf 87' lang='lat' dir='ltr'>V.</span> <span class='ocrx_word' id='word_1_2' title='bbox 843 176 1031 209; x_wconf 79' lang='lat'>277-293.</span> <span class='ocrx_word' id='word_1_3' title='bbox 1569 178 1647 215; x_wconf 80' lang='lat'>303</span> 
     </span>
    </p>
   </div>
   <div class='ocr_carea' id='block_1_2' title="bbox 159 303 1665 2811">
    <p class='ocr_par' dir='ltr' id='par_1_2' title="bbox 159 303 1665 2811">
     <span class='ocr_line' id='line_1_2' title="bbox 161 303 1648 354; baseline -0.002 -11"><span class='ocrx_word' id='word_1_4' title='bbox 161 306 362 343; x_wconf 90' lang='lat' dir='ltr'>Pumiceos</span> <span class='ocrx_word' id='word_1_5' title='bbox 379 305 512 343; x_wconf 88' lang='lat' dir='ltr'>oculos</span> <span class='ocrx_word' id='word_1_6' title='bbox 536 305 682 352; x_wconf 80' lang='lat' dir='ltr'>habeo3</span> <span class='ocrx_word' id='word_1_7' title='bbox 714 317 792 342; x_wconf 89' lang='lat' dir='ltr'>non</span> <span class='ocrx_word' id='word_1_8' title='bbox 819 317 919 354; x_wconf 88' lang='lat' dir='ltr'>queo</span> <span class='ocrx_word' id='word_1_9' title='bbox 945 303 1175 341; x_wconf 85' lang='lat' dir='ltr'>Lacrumam</span> <span class='ocrx_word' id='word_1_10' title='bbox 1201 316 1364 341; x_wconf 83' lang='lat' dir='ltr'>exorare</span> <span class='ocrx_word' id='word_1_11' title='bbox 1388 307 1432 341; x_wconf 90' lang='lat' dir='ltr'>ut</span> <span class='ocrx_word' id='word_1_12' title='bbox 1456 306 1648 352; x_wconf 78' lang='lat' dir='ltr'>exspuant</span> 
     </span>
     <span class='ocr_line' id='line_1_3' title="bbox 160 370 1650 421; baseline -0.002 -10"><span class='ocrx_word' id='word_1_13' title='bbox 160 387 278 411; x_wconf 84' lang='lat' dir='ltr'>unam</span> <span class='ocrx_word' id='word_1_14' title='bbox 309 372 466 411; x_wconf 80' lang='lat' dir='ltr'>modo“.</span> <span class='ocrx_word' id='word_1_15' title='bbox 532 370 660 411; x_wconf 74' lang='lat' dir='ltr'>Aridi</span> <span class='ocrx_word' id='word_1_16' title='bbox 701 376 829 410; x_wconf 83' lang='lat' dir='ltr'>autem</span> <span class='ocrx_word' id='word_1_17' title='bbox 861 372 1046 409; x_wconf 87' lang='lat' dir='ltr'>dicuntur</span> <span class='ocrx_word' id='word_1_18' title='bbox 1077 373 1186 409; x_wconf 87' lang='lat' dir='ltr'>avari</span> <span class='ocrx_word' id='word_1_19' title='bbox 1216 372 1411 418; x_wconf 86' lang='lat' dir='ltr'>homines,</span> <span class='ocrx_word' id='word_1_20' title='bbox 1454 386 1475 408; x_wconf 87' lang='lat' dir='ltr'>a</span> <span class='ocrx_word' id='word_1_21' title='bbox 1507 371 1650 421; x_wconf 86' lang='lat' dir='ltr'>quibus</span> 
     </span>
     <span class='ocr_line' id='line_1_4' title="bbox 159 439 1649 492; baseline -0.002 -13"><span class='ocrx_word' id='word_1_22' title='bbox 159 443 328 492; x_wconf 89' lang='lat' dir='ltr'>pecunia</span> <span class='ocrx_word' id='word_1_23' title='bbox 359 442 447 479; x_wconf 88' lang='lat' dir='ltr'>elici</span> <span class='ocrx_word' id='word_1_24' title='bbox 477 454 555 478; x_wconf 92' lang='lat' dir='ltr'>non</span> <span class='ocrx_word' id='word_1_25' title='bbox 585 442 730 492; x_wconf 88' lang='lat' dir='ltr'>possit,</span> <span class='ocrx_word' id='word_1_26' title='bbox 771 441 818 479; x_wconf 89' lang='lat' dir='ltr'>cf.</span> <span class='ocrx_word' id='word_1_27' title='bbox 851 440 939 478; x_wconf 85' lang='lat' dir='ltr'>Ter.</span> <span class='ocrx_word' id='word_1_28' title='bbox 973 440 1116 477; x_wconf 86' lang='lat' dir='ltr'>Heaut.</span> <span class='ocrx_word' id='word_1_29' title='bbox 1152 440 1249 477; x_wconf 81' lang='lat'>526:</span> <span class='ocrx_word' id='word_1_30' title='bbox 1302 439 1402 485; x_wconf 86' lang='lat' dir='ltr'>„Sed</span> <span class='ocrx_word' id='word_1_31' title='bbox 1432 439 1550 477; x_wconf 84' lang='lat' dir='ltr'>habet</span> <span class='ocrx_word' id='word_1_32' title='bbox 1582 453 1649 488; x_wconf 89' lang='lat' dir='ltr'>pa-</span> 
     </span>
     <span class='ocr_line' id='line_1_5' title="bbox 161 506 1650 559; baseline -0.002 -12"><span class='ocrx_word' id='word_1_33' title='bbox 161 513 264 547; x_wconf 89' lang='lat' dir='ltr'>trem</span> <span class='ocrx_word' id='word_1_34' title='bbox 281 510 478 559; x_wconf 81' lang='lat' dir='ltr'>quendam</span> <span class='ocrx_word' id='word_1_35' title='bbox 499 510 657 547; x_wconf 87' lang='lat' dir='ltr'>auidum</span> <span class='ocrx_word' id='word_1_36' title='bbox 673 509 858 546; x_wconf 88' lang='lat' dir='ltr'>miserum</span> <span class='ocrx_word' id='word_1_37' title='bbox 883 512 1001 557; x_wconf 85' lang='lat' dir='ltr'>atque</span> <span class='ocrx_word' id='word_1_38' title='bbox 1021 506 1214 545; x_wconf 83' lang='lat' dir='ltr'>aridum“.</span> <span class='ocrx_word' id='word_1_39' title='bbox 1271 507 1393 545; x_wconf 85' lang='lat' dir='ltr'><strong>Cicer.</strong></span> <span class='ocrx_word' id='word_1_40' title='bbox 1410 522 1448 558; x_wconf 91' lang='lat' dir='ltr'>p.</span> <span class='ocrx_word' id='word_1_41' title='bbox 1468 508 1650 554; x_wconf 83' lang='lat' dir='ltr'>Quinctio</span> 
     </span>
     <span class='ocr_line' id='line_1_6' title="bbox 165 574 1648 626; baseline -0.003 -10"><span class='ocrx_word' id='word_1_42' title='bbox 165 579 226 625; x_wconf 91' lang='lat'>30,</span> <span class='ocrx_word' id='word_1_43' title='bbox 246 579 318 615; x_wconf 89' lang='lat'>93:</span> <span class='ocrx_word' id='word_1_44' title='bbox 356 578 511 625; x_wconf 90' lang='lat' dir='ltr'>„Vitam</span> <span class='ocrx_word' id='word_1_45' title='bbox 537 578 614 615; x_wconf 90' lang='lat' dir='ltr'>sibi</span> <span class='ocrx_word' id='word_1_46' title='bbox 639 590 791 626; x_wconf 82' lang='lat' dir='ltr'><strong>semper</strong></span> <span class='ocrx_word' id='word_1_47' title='bbox 815 576 1015 614; x_wconf 84' lang='lat' dir='ltr'>horridam</span> <span class='ocrx_word' id='word_1_48' title='bbox 1044 580 1161 625; x_wconf 86' lang='lat' dir='ltr'>atque</span> <span class='ocrx_word' id='word_1_49' title='bbox 1186 575 1336 612; x_wconf 81' lang='lat' dir='ltr'>aridam</span> <span class='ocrx_word' id='word_1_50' title='bbox 1362 576 1471 613; x_wconf 87' lang='lat' dir='ltr'>cordi</span> <span class='ocrx_word' id='word_1_51' title='bbox 1489 574 1648 613; x_wconf 82' lang='lat' dir='ltr'>fuisse“.</span> 
     </span>
     <span class='ocr_line' id='line_1_7' title="bbox 162 643 1650 696; baseline -0.002 -12"><span class='ocrx_word' id='word_1_52' title='bbox 162 645 345 684; x_wconf 86' lang='lat' dir='ltr'>Ceterum</span> <span class='ocrx_word' id='word_1_53' title='bbox 382 660 431 683; x_wconf 90' lang='lat' dir='ltr'>ne</span> <span class='ocrx_word' id='word_1_54' title='bbox 470 649 633 696; x_wconf 86' lang='lat' dir='ltr'>quartus</span> <span class='ocrx_word' id='word_1_55' title='bbox 671 659 740 695; x_wconf 86' lang='lat' dir='ltr'>pes</span> <span class='ocrx_word' id='word_1_56' title='bbox 773 647 995 695; x_wconf 73' lang='lat' dir='ltr'>anapaestus</span> <span class='ocrx_word' id='word_1_57' title='bbox 1033 645 1101 691; x_wconf 89' lang='lat' dir='ltr'>sit,</span> <span class='ocrx_word' id='word_1_58' title='bbox 1142 643 1332 693; x_wconf 65' lang='lat' dir='ltr'>Seyffert„</span> <span class='ocrx_word' id='word_1_59' title='bbox 1373 643 1482 681; x_wconf 90' lang='lat' dir='ltr'>Stud.</span> <span class='ocrx_word' id='word_1_60' title='bbox 1521 644 1650 681; x_wconf 27' lang='lat' dir='ltr'>Plauti.</span> 
     </span>
     <span class='ocr_line' id='line_1_8' title="bbox 161 711 1652 765; baseline -0.003 -13"><span class='ocrx_word' id='word_1_61' title='bbox 161 728 200 765; x_wconf 92' lang='lat' dir='ltr'>p.</span> <span class='ocrx_word' id='word_1_62' title='bbox 220 717 241 753; x_wconf 91' lang='grc'>6</span> <span class='ocrx_word' id='word_1_63' title='bbox 272 711 439 761; x_wconf 87' lang='lat' dir='ltr'>„ardus“</span> <span class='ocrx_word' id='word_1_64' title='bbox 466 714 800 764; x_wconf 81' lang='lat' dir='ltr'>pronuntiandum</span> <span class='ocrx_word' id='word_1_65' title='bbox 831 716 974 759; x_wconf 87' lang='lat' dir='ltr'>censet,</span> <span class='ocrx_word' id='word_1_66' title='bbox 1007 716 1051 750; x_wconf 93' lang='lat' dir='ltr'>ut</span> <span class='ocrx_word' id='word_1_67' title='bbox 1081 713 1225 762; x_wconf 87' lang='lat' dir='ltr'>legitur</span> <span class='ocrx_word' id='word_1_68' title='bbox 1255 713 1296 749; x_wconf 91' lang='lat' dir='ltr'>in</span> <span class='ocrx_word' id='word_1_69' title='bbox 1326 712 1412 760; x_wconf 86' lang='lat' dir='ltr'>lege</span> <span class='ocrx_word' id='word_1_70' title='bbox 1435 711 1652 749; x_wconf 86' lang='lat' dir='ltr'>Puteolana</span> 
     </span>
     <span class='ocr_line' id='line_1_9' title="bbox 162 779 1651 832; baseline -0.002 -12"><span class='ocrx_word' id='word_1_71' title='bbox 162 782 278 832; x_wconf 89' lang='lat' dir='ltr'>Corp.</span> <span class='ocrx_word' id='word_1_72' title='bbox 303 783 423 821; x_wconf 89' lang='lat' dir='ltr'>Inscr.</span> <span class='ocrx_word' id='word_1_73' title='bbox 448 782 478 830; x_wconf 89' lang='grc' dir='ltr'>Ι,</span> <span class='ocrx_word' id='word_1_74' title='bbox 514 785 604 830; x_wconf 82' lang='lat'>577,</span> <span class='ocrx_word' id='word_1_75' title='bbox 640 784 675 829; x_wconf 79' lang='lat'>2,</span> <span class='ocrx_word' id='word_1_76' title='bbox 709 783 756 819; x_wconf 87' lang='lat'>21</span> <span class='ocrx_word' id='word_1_77' title='bbox 793 784 833 819; x_wconf 87' lang='lat' dir='ltr'>et</span> <span class='ocrx_word' id='word_1_78' title='bbox 863 781 968 831; x_wconf 90' lang='lat' dir='ltr'>apud</span> <span class='ocrx_word' id='word_1_79' title='bbox 999 780 1123 818; x_wconf 90' lang='lat' dir='ltr'>Lucil.</span> <span class='ocrx_word' id='word_1_80' title='bbox 1148 779 1311 827; x_wconf 86' lang='lat' dir='ltr'>XXVII,</span> <span class='ocrx_word' id='word_1_81' title='bbox 1345 781 1419 826; x_wconf 74' lang='lat'>403</span> <span class='ocrx_word' id='word_1_82' title='bbox 1459 779 1651 817; x_wconf 86' lang='lat' dir='ltr'>Fleckeis.</span> 
     </span>
     <span class='ocr_line' id='line_1_10' title="bbox 159 847 1653 901; baseline -0.003 -13"><span class='ocrx_word' id='word_1_83' title='bbox 159 851 360 889; x_wconf 82' lang='lat' dir='ltr'>licentius:</span> <span class='ocrx_word' id='word_1_84' title='bbox 410 851 568 898; x_wconf 87' lang='lat' dir='ltr'>„aridus</span> <span class='ocrx_word' id='word_1_85' title='bbox 608 848 765 901; x_wconf 84' lang='lat' dir='ltr'>quam“.</span> <span class='ocrx_word' id='word_1_86' title='bbox 807 870 862 875; x_wconf 92' lang='lat'><strong>—</strong></span> <span class='ocrx_word' id='word_1_87' title='bbox 913 851 1005 887; x_wconf 85' lang='lat'>290.</span> <span class='ocrx_word' id='word_1_88' title='bbox 1052 849 1179 896; x_wconf 85' lang='lat' dir='ltr'>Vulgo</span> <span class='ocrx_word' id='word_1_89' title='bbox 1221 847 1372 885; x_wconf 82' lang='lat' dir='ltr'><strong>editur:</strong></span> <span class='ocrx_word' id='word_1_90' title='bbox 1430 847 1529 894; x_wconf 80' lang='lat' dir='ltr'>„CO.</span> <span class='ocrx_word' id='word_1_91' title='bbox 1576 848 1653 884; x_wconf 86' lang='lat' dir='ltr'>Ain</span> 
     </span>
     <span class='ocr_line' id='line_1_11' title="bbox 160 914 1651 966; baseline -0.004 -9"><span class='ocrx_word' id='word_1_92' title='bbox 160 919 321 957; x_wconf 86' lang='lat' dir='ltr'>tandem</span> <span class='ocrx_word' id='word_1_93' title='bbox 351 920 408 956; x_wconf 83' lang='lat' dir='ltr'>ita</span> <span class='ocrx_word' id='word_1_94' title='bbox 438 932 532 966; x_wconf 88' lang='lat' dir='ltr'>esse,</span> <span class='ocrx_word' id='word_1_95' title='bbox 571 923 617 957; x_wconf 90' lang='lat' dir='ltr'>ut</span> <span class='ocrx_word' id='word_1_96' title='bbox 657 915 781 956; x_wconf 71' lang='lat' dir='ltr'>dicis?</span> <span class='ocrx_word' id='word_1_97' title='bbox 828 918 935 956; x_wconf 89' lang='lat' dir='ltr'>STR.</span> <span class='ocrx_word' id='word_1_98' title='bbox 975 918 1075 955; x_wconf 89' lang='lat' dir='ltr'>Tute</span> <span class='ocrx_word' id='word_1_99' title='bbox 1106 919 1300 954; x_wconf 86' lang='lat' dir='ltr'>existuma</span> <span class='ocrx_word' id='word_1_100' title='bbox 1331 914 1428 953; x_wconf 79' lang='lat' dir='ltr'>cet.“</span> <span class='ocrx_word' id='word_1_101' title='bbox 1492 915 1651 965; x_wconf 86' lang='lat' dir='ltr'>Inepte;</span> 
     </span>
     <span class='ocr_line' id='line_1_12' title="bbox 162 983 1654 1035; baseline -0.003 -10"><span class='ocrx_word' id='word_1_102' title='bbox 162 1001 233 1025; x_wconf 89' lang='lat' dir='ltr'>nec</span> <span class='ocrx_word' id='word_1_103' title='bbox 263 989 411 1025; x_wconf 88' lang='lat' dir='ltr'>iniuria</span> <span class='ocrx_word' id='word_1_104' title='bbox 441 987 560 1025; x_wconf 89' lang='lat' dir='ltr'>talem</span> <span class='ocrx_word' id='word_1_105' title='bbox 592 1000 747 1024; x_wconf 84' lang='lat' dir='ltr'>versum</span> <span class='ocrx_word' id='word_1_106' title='bbox 779 986 1049 1024; x_wconf 86' lang='lat' dir='ltr'>Franckenius</span> <span class='ocrx_word' id='word_1_107' title='bbox 1086 999 1159 1035; x_wconf 90' lang='lat' dir='ltr'>pro</span> <span class='ocrx_word' id='word_1_108' title='bbox 1198 986 1332 1035; x_wconf 89' lang='lat' dir='ltr'>spurio</span> <span class='ocrx_word' id='word_1_109' title='bbox 1363 984 1516 1021; x_wconf 77' lang='lat' dir='ltr'>habuit.</span> <span class='ocrx_word' id='word_1_110' title='bbox 1578 983 1654 1021; x_wconf 89' lang='lat' dir='ltr'>Sed</span> 
     </span>
     <span class='ocr_line' id='line_1_13' title="bbox 161 1051 1655 1100; baseline -0.003 -7"><span class='ocrx_word' id='word_1_111' title='bbox 161 1055 294 1093; x_wconf 89' lang='lat' dir='ltr'>verbis</span> <span class='ocrx_word' id='word_1_112' title='bbox 325 1052 415 1094; x_wconf 73' lang='lat' dir='ltr'>Ain</span> <span class='ocrx_word' id='word_1_113' title='bbox 446 1051 640 1094; x_wconf 65' lang='lat' dir='ltr'>tandem?</span> <span class='ocrx_word' id='word_1_114' title='bbox 683 1055 783 1093; x_wconf 91' lang='lat' dir='ltr'>nihil</span> <span class='ocrx_word' id='word_1_115' title='bbox 814 1054 1039 1092; x_wconf 88' lang='lat' dir='ltr'>addendum</span> <span class='ocrx_word' id='word_1_116' title='bbox 1071 1057 1149 1100; x_wconf 89' lang='lat' dir='ltr'>est,</span> <span class='ocrx_word' id='word_1_117' title='bbox 1191 1067 1228 1091; x_wconf 87' lang='lat' dir='ltr'>v.</span> <span class='ocrx_word' id='word_1_118' title='bbox 1260 1053 1310 1090; x_wconf 90' lang='lat' dir='ltr'>ad</span> <span class='ocrx_word' id='word_1_119' title='bbox 1340 1053 1448 1090; x_wconf 85' lang='lat' dir='ltr'>Asin.</span> <span class='ocrx_word' id='word_1_120' title='bbox 1485 1054 1583 1098; x_wconf 75' lang='lat'>692,</span> <span class='ocrx_word' id='word_1_121' title='bbox 1617 1055 1655 1089; x_wconf 90' lang='lat' dir='ltr'>et</span> 
     </span>
     <span class='ocr_line' id='line_1_14' title="bbox 162 1120 1654 1174; baseline -0.003 -13"><span class='ocrx_word' id='word_1_122' title='bbox 162 1128 266 1162; x_wconf 91' lang='lat' dir='ltr'>recte</span> <span class='ocrx_word' id='word_1_123' title='bbox 298 1124 410 1163; x_wconf 85' lang='lat' dir='ltr'><strong>codd.</strong></span> <span class='ocrx_word' id='word_1_124' title='bbox 442 1127 532 1174; x_wconf 90' lang='lat' dir='ltr'>post</span> <span class='ocrx_word' id='word_1_125' title='bbox 564 1138 609 1162; x_wconf 86' lang='lat' dir='ltr'>ea</span> <span class='ocrx_word' id='word_1_126' title='bbox 639 1123 803 1162; x_wconf 87' lang='lat' dir='ltr'>Strobili</span> <span class='ocrx_word' id='word_1_127' title='bbox 834 1136 977 1161; x_wconf 88' lang='lat' dir='ltr'>nomen</span> <span class='ocrx_word' id='word_1_128' title='bbox 1007 1125 1170 1171; x_wconf 90' lang='lat' dir='ltr'>ponunt.</span> <span class='ocrx_word' id='word_1_129' title='bbox 1227 1121 1340 1167; x_wconf 78' lang='lat' dir='ltr'>Quod</span> <span class='ocrx_word' id='word_1_130' title='bbox 1371 1122 1404 1159; x_wconf 86' lang='lat' dir='ltr'>si</span> <span class='ocrx_word' id='word_1_131' title='bbox 1430 1122 1512 1158; x_wconf 90' lang='lat' dir='ltr'>eius</span> <span class='ocrx_word' id='word_1_132' title='bbox 1536 1120 1654 1157; x_wconf 82' lang='lat' dir='ltr'>verba</span> 
     </span>
     <span class='ocr_line' id='line_1_15' title="bbox 163 1188 1653 1243; baseline -0.003 -13"><span class='ocrx_word' id='word_1_133' title='bbox 163 1196 265 1239; x_wconf 89' lang='lat' dir='ltr'>sunt,</span> <span class='ocrx_word' id='word_1_134' title='bbox 299 1205 384 1243; x_wconf 86' lang='lat' dir='ltr'>quae</span> <span class='ocrx_word' id='word_1_135' title='bbox 409 1195 638 1242; x_wconf 89' lang='lat' dir='ltr'>sequuntur,</span> <span class='ocrx_word' id='word_1_136' title='bbox 672 1195 836 1242; x_wconf 86' lang='lat' dir='ltr'>apparet</span> <span class='ocrx_word' id='word_1_137' title='bbox 867 1188 974 1229; x_wconf 72' lang='lat' dir='ltr'>dicis</span> <span class='ocrx_word' id='word_1_138' title='bbox 1004 1203 1169 1241; x_wconf 86' lang='lat' dir='ltr'>pravum</span> <span class='ocrx_word' id='word_1_139' title='bbox 1200 1203 1302 1236; x_wconf 69' lang='lat' dir='ltr'>esse,</span> <span class='ocrx_word' id='word_1_140' title='bbox 1336 1202 1408 1226; x_wconf 88' lang='lat' dir='ltr'>nec</span> <span class='ocrx_word' id='word_1_141' title='bbox 1437 1202 1515 1226; x_wconf 91' lang='lat' dir='ltr'>non</span> <span class='ocrx_word' id='word_1_142' title='bbox 1548 1201 1653 1226; x_wconf 86' lang='lat' dir='ltr'>erro-</span> 
     </span>
     <span class='ocr_line' id='line_1_16' title="bbox 162 1257 1654 1309; baseline -0.003 -11"><span class='ocrx_word' id='word_1_143' title='bbox 162 1274 245 1298; x_wconf 87' lang='lat' dir='ltr'>rem</span> <span class='ocrx_word' id='word_1_144' title='bbox 276 1261 554 1298; x_wconf 85' lang='lat' dir='ltr'>animadvertit</span> <span class='ocrx_word' id='word_1_145' title='bbox 589 1260 774 1298; x_wconf 85' lang='lat' dir='ltr'>librarius</span> <span class='ocrx_word' id='word_1_146' title='bbox 818 1259 1040 1309; x_wconf 76' lang='lat' dir='ltr'>archetypi,</span> <span class='ocrx_word' id='word_1_147' title='bbox 1090 1262 1130 1295; x_wconf 90' lang='lat' dir='ltr'>et</span> <span class='ocrx_word' id='word_1_148' title='bbox 1172 1257 1393 1306; x_wconf 87' lang='lat' dir='ltr'>corrigendi</span> <span class='ocrx_word' id='word_1_149' title='bbox 1433 1270 1550 1295; x_wconf 85' lang='lat' dir='ltr'>causa</span> <span class='ocrx_word' id='word_1_150' title='bbox 1589 1257 1654 1294; x_wconf 85' lang='lat' dir='ltr'>ad-</span> 
     </span>
     <span class='ocr_line' id='line_1_17' title="bbox 162 1325 1653 1379; baseline -0.003 -13"><span class='ocrx_word' id='word_1_151' title='bbox 162 1330 320 1379; x_wconf 78' lang='lat' dir='ltr'>scripsit</span> <span class='ocrx_word' id='word_1_152' title='bbox 344 1339 400 1376; x_wconf 79' lang='grc'>60,</span> <span class='ocrx_word' id='word_1_153' title='bbox 433 1329 540 1378; x_wconf 87' lang='lat' dir='ltr'>quod</span> <span class='ocrx_word' id='word_1_154' title='bbox 562 1329 759 1379; x_wconf 83' lang='lat' dir='ltr'>posterior</span> <span class='ocrx_word' id='word_1_155' title='bbox 781 1328 968 1365; x_wconf 88' lang='lat' dir='ltr'>librarius</span> <span class='ocrx_word' id='word_1_156' title='bbox 991 1340 1064 1377; x_wconf 89' lang='lat' dir='ltr'>pro</span> <span class='ocrx_word' id='word_1_157' title='bbox 1089 1339 1267 1377; x_wconf 80' lang='lat' dir='ltr'>personae</span> <span class='ocrx_word' id='word_1_158' title='bbox 1290 1328 1448 1364; x_wconf 91' lang='lat' dir='ltr'>nomine</span> <span class='ocrx_word' id='word_1_159' title='bbox 1475 1325 1653 1374; x_wconf 80' lang='lat' dir='ltr'>sumpsit.</span> 
     </span>
     <span class='ocr_line' id='line_1_18' title="bbox 165 1391 1655 1447; baseline -0.004 -12"><span class='ocrx_word' id='word_1_160' title='bbox 165 1397 249 1435; x_wconf 71' lang='lat' dir='ltr'>tute</span> <span class='ocrx_word' id='word_1_161' title='bbox 279 1394 486 1444; x_wconf 67' lang='lat' dir='ltr'>existima,</span> <span class='ocrx_word' id='word_1_162' title='bbox 517 1397 601 1447; x_wconf 87' lang='lat' dir='ltr'>ipse</span> <span class='ocrx_word' id='word_1_163' title='bbox 640 1396 826 1434; x_wconf 85' lang='lat' dir='ltr'>iudicato.</span> <span class='ocrx_word' id='word_1_164' title='bbox 869 1415 918 1421; x_wconf 92' lang='grc'>-</span> <span class='ocrx_word' id='word_1_165' title='bbox 963 1397 1056 1433; x_wconf 87' lang='lat'>291.</span> <span class='ocrx_word' id='word_1_166' title='bbox 1094 1391 1203 1444; x_wconf 66' lang='lat' dir='ltr'>Quin</span> <span class='ocrx_word' id='word_1_167' title='bbox 1233 1397 1324 1432; x_wconf 85' lang='lat' dir='ltr'>novi</span> <span class='ocrx_word' id='word_1_168' title='bbox 1357 1394 1508 1444; x_wconf 88' lang='lat' dir='ltr'>aliquid</span> <span class='ocrx_word' id='word_1_169' title='bbox 1540 1393 1655 1430; x_wconf 84' lang='lat' dir='ltr'>affert</span> 
     </span>
     <span class='ocr_line' id='line_1_19' title="bbox 163 1463 1654 1515; baseline -0.002 -13"><span class='ocrx_word' id='word_1_170' title='bbox 163 1465 337 1503; x_wconf 90' lang='lat' dir='ltr'>eiusdem</span> <span class='ocrx_word' id='word_1_171' title='bbox 381 1466 556 1515; x_wconf 87' lang='lat' dir='ltr'>generis,</span> <span class='ocrx_word' id='word_1_172' title='bbox 605 1465 711 1515; x_wconf 87' lang='lat' dir='ltr'>quod</span> <span class='ocrx_word' id='word_1_173' title='bbox 758 1465 875 1502; x_wconf 89' lang='lat' dir='ltr'>etiam</span> <span class='ocrx_word' id='word_1_174' title='bbox 920 1466 1045 1501; x_wconf 87' lang='lat' dir='ltr'>maius</span> <span class='ocrx_word' id='word_1_175' title='bbox 1089 1463 1292 1509; x_wconf 87' lang='lat' dir='ltr'>videatur,</span> <span class='ocrx_word' id='word_1_176' title='bbox 1340 1463 1387 1500; x_wconf 88' lang='lat' dir='ltr'>cf.</span> <span class='ocrx_word' id='word_1_177' title='bbox 1432 1464 1525 1500; x_wconf 72' lang='lat'>294.</span> <span class='ocrx_word' id='word_1_178' title='bbox 1561 1463 1654 1500; x_wconf 80' lang='lat'>304.</span> 
     </span>
     <span class='ocr_line' id='line_1_20' title="bbox 165 1527 1655 1583; baseline -0.003 -11"><span class='ocrx_word' id='word_1_179' title='bbox 165 1533 292 1572; x_wconf 84' lang='lat' dir='ltr'>Oasin.</span> <span class='ocrx_word' id='word_1_180' title='bbox 314 1535 518 1572; x_wconf 75' lang='lat'>578—85.</span> <span class='ocrx_word' id='word_1_181' title='bbox 566 1532 681 1583; x_wconf 85' lang='lat' dir='ltr'>Epid.</span> <span class='ocrx_word' id='word_1_182' title='bbox 702 1534 795 1570; x_wconf 82' lang='lat'>248.</span> <span class='ocrx_word' id='word_1_183' title='bbox 848 1533 932 1571; x_wconf 87' lang='lat' dir='ltr'>Mil.</span> <span class='ocrx_word' id='word_1_184' title='bbox 963 1533 1082 1569; x_wconf 84' lang='lat'>1117.</span> <span class='ocrx_word' id='word_1_185' title='bbox 1115 1532 1238 1569; x_wconf 86' lang='lat' dir='ltr'>al.—-</span> <span class='ocrx_word' id='word_1_186' title='bbox 1263 1527 1424 1577; x_wconf 68' lang='lat' dir='ltr'>clamat,</span> <span class='ocrx_word' id='word_1_187' title='bbox 1456 1530 1655 1580; x_wconf 81' lang='lat' dir='ltr'>implorat,</span> 
     </span>
     <span class='ocr_line' id='line_1_21' title="bbox 167 1597 1657 1650; baseline -0.003 -10"><span class='ocrx_word' id='word_1_188' title='bbox 167 1602 213 1640; x_wconf 86' lang='lat' dir='ltr'>cf.</span> <span class='ocrx_word' id='word_1_189' title='bbox 245 1602 406 1640; x_wconf 87' lang='lat' dir='ltr'>Petron.</span> <span class='ocrx_word' id='word_1_190' title='bbox 442 1604 512 1640; x_wconf 78' lang='lat'>58:</span> <span class='ocrx_word' id='word_1_191' title='bbox 548 1602 665 1649; x_wconf 89' lang='lat' dir='ltr'>„licet</span> <span class='ocrx_word' id='word_1_192' title='bbox 694 1601 826 1639; x_wconf 89' lang='lat' dir='ltr'>Iovem</span> <span class='ocrx_word' id='word_1_193' title='bbox 858 1601 1082 1650; x_wconf 87' lang='lat' dir='ltr'>Olympium</span> <span class='ocrx_word' id='word_1_194' title='bbox 1115 1597 1298 1637; x_wconf 86' lang='lat' dir='ltr'>clames“.</span> <span class='ocrx_word' id='word_1_195' title='bbox 1345 1599 1525 1637; x_wconf 84' lang='lat' dir='ltr'>Ceterum</span> <span class='ocrx_word' id='word_1_196' title='bbox 1556 1598 1657 1635; x_wconf 90' lang='lat' dir='ltr'>hunc</span> 
     </span>
     <span class='ocr_line' id='line_1_22' title="bbox 165 1667 1657 1719; baseline -0.002 -12"><span class='ocrx_word' id='word_1_197' title='bbox 165 1683 320 1708; x_wconf 87' lang='lat' dir='ltr'>versum</span> <span class='ocrx_word' id='word_1_198' title='bbox 352 1683 471 1719; x_wconf 90' lang='lat' dir='ltr'>quum</span> <span class='ocrx_word' id='word_1_199' title='bbox 501 1669 688 1707; x_wconf 87' lang='lat' dir='ltr'>librarius</span> <span class='ocrx_word' id='word_1_200' title='bbox 720 1670 922 1719; x_wconf 81' lang='lat' dir='ltr'>archetypi</span> <span class='ocrx_word' id='word_1_201' title='bbox 954 1681 1086 1705; x_wconf 87' lang='lat' dir='ltr'>errore</span> <span class='ocrx_word' id='word_1_202' title='bbox 1118 1669 1322 1714; x_wconf 89' lang='lat' dir='ltr'>omisisset,</span> <span class='ocrx_word' id='word_1_203' title='bbox 1354 1669 1535 1717; x_wconf 87' lang='lat' dir='ltr'>proximo</span> <span class='ocrx_word' id='word_1_204' title='bbox 1568 1667 1657 1704; x_wconf 87' lang='lat' dir='ltr'>sub-</span> 
     </span>
     <span class='ocr_line' id='line_1_23' title="bbox 166 1732 1657 1781; baseline -0.003 -5"><span class='ocrx_word' id='word_1_205' title='bbox 166 1739 303 1776; x_wconf 85' lang='lat' dir='ltr'>iunxit.</span> <span class='ocrx_word' id='word_1_206' title='bbox 363 1738 552 1776; x_wconf 89' lang='lat' dir='ltr'>Errorem</span> <span class='ocrx_word' id='word_1_207' title='bbox 583 1738 867 1775; x_wconf 86' lang='lat' dir='ltr'>animadvertit</span> <span class='ocrx_word' id='word_1_208' title='bbox 897 1737 1126 1774; x_wconf 87' lang='lat' dir='ltr'>Gulielmus.</span> <span class='ocrx_word' id='word_1_209' title='bbox 1158 1756 1213 1761; x_wconf 91' lang='lat'>—</span> <span class='ocrx_word' id='word_1_210' title='bbox 1252 1737 1345 1773; x_wconf 93' lang='lat'>292.</span> <span class='ocrx_word' id='word_1_211' title='bbox 1395 1732 1657 1781; x_wconf 68' lang='lat' dir='ltr'>eradicem-ier,</span> 
     </span>
     <span class='ocr_line' id='line_1_24' title="bbox 166 1804 1661 1855; baseline -0.003 -11"><span class='ocrx_word' id='word_1_212' title='bbox 166 1807 356 1845; x_wconf 84' lang='lat' dir='ltr'>radicitus</span> <span class='ocrx_word' id='word_1_213' title='bbox 387 1807 522 1854; x_wconf 90' lang='lat' dir='ltr'>evelli,</span> <span class='ocrx_word' id='word_1_214' title='bbox 562 1806 740 1843; x_wconf 85' lang='lat' dir='ltr'>funditus</span> <span class='ocrx_word' id='word_1_215' title='bbox 771 1805 903 1855; x_wconf 90' lang='lat' dir='ltr'>perdi,</span> <span class='ocrx_word' id='word_1_216' title='bbox 945 1805 991 1842; x_wconf 90' lang='lat' dir='ltr'>cf.</span> <span class='ocrx_word' id='word_1_217' title='bbox 1024 1805 1139 1842; x_wconf 89' lang='lat' dir='ltr'>Truc.</span> <span class='ocrx_word' id='word_1_218' title='bbox 1173 1805 1272 1842; x_wconf 82' lang='lat'>649:</span> <span class='ocrx_word' id='word_1_219' title='bbox 1332 1804 1569 1851; x_wconf 82' lang='lat' dir='ltr'>„Eradicare</span> <span class='ocrx_word' id='word_1_220' title='bbox 1601 1807 1661 1840; x_wconf 90' lang='lat' dir='ltr'>est</span> 
     </span>
     <span class='ocr_line' id='line_1_25' title="bbox 167 1871 1661 1925; baseline -0.003 -12"><span class='ocrx_word' id='word_1_221' title='bbox 167 1879 316 1913; x_wconf 87' lang='lat' dir='ltr'>certum</span> <span class='ocrx_word' id='word_1_222' title='bbox 348 1889 433 1913; x_wconf 89' lang='lat' dir='ltr'>cum</span> <span class='ocrx_word' id='word_1_223' title='bbox 464 1875 603 1925; x_wconf 89' lang='lat' dir='ltr'>primis</span> <span class='ocrx_word' id='word_1_224' title='bbox 633 1871 830 1924; x_wconf 85' lang='lat' dir='ltr'>patrem“.</span> <span class='ocrx_word' id='word_1_225' title='bbox 883 1872 1005 1910; x_wconf 83' lang='lat' dir='ltr'>Mero.</span> <span class='ocrx_word' id='word_1_226' title='bbox 1042 1873 1136 1910; x_wconf 89' lang='lat'>763.</span> <span class='ocrx_word' id='word_1_227' title='bbox 1183 1872 1271 1910; x_wconf 90' lang='lat' dir='ltr'>Ter.</span> <span class='ocrx_word' id='word_1_228' title='bbox 1304 1872 1446 1910; x_wconf 81' lang='lat' dir='ltr'>Heaut.</span> <span class='ocrx_word' id='word_1_229' title='bbox 1481 1873 1573 1909; x_wconf 76' lang='lat'>589.</span> <span class='ocrx_word' id='word_1_230' title='bbox 1607 1890 1661 1897; x_wconf 82' lang='lat'>—-</span> 
     </span>
     <span class='ocr_line' id='line_1_26' title="bbox 169 1939 1660 1993; baseline -0.003 -11"><span class='ocrx_word' id='word_1_231' title='bbox 169 1945 262 1981; x_wconf 88' lang='lat'>293.</span> <span class='ocrx_word' id='word_1_232' title='bbox 311 1941 359 1982; x_wconf 81' lang='lat' dir='ltr'>de</span> <span class='ocrx_word' id='word_1_233' title='bbox 389 1953 463 1981; x_wconf 76' lang='lat' dir='ltr'>suo</span> <span class='ocrx_word' id='word_1_234' title='bbox 497 1939 653 1993; x_wconf 60' lang='grc' dir='ltr'>ΐὶῃῑῖῖῖο,</span> <span class='ocrx_word' id='word_1_235' title='bbox 700 1956 789 1980; x_wconf 85' lang='grc'>113111</span> <span class='ocrx_word' id='word_1_236' title='bbox 835 1941 972 1992; x_wconf 86' lang='lat' dir='ltr'>tigillis</span> <span class='ocrx_word' id='word_1_237' title='bbox 1018 1941 1373 1991; x_wconf 85' lang='lat' dir='ltr'>suspendebantur,</span> <span class='ocrx_word' id='word_1_238' title='bbox 1423 1953 1508 1990; x_wconf 89' lang='lat' dir='ltr'>quae</span> <span class='ocrx_word' id='word_1_239' title='bbox 1556 1941 1660 1984; x_wconf 87' lang='lat' dir='ltr'>fumo</span> 
     </span>
     <span class='ocr_line' id='line_1_27' title="bbox 167 2008 1658 2061; baseline -0.003 -11"><span class='ocrx_word' id='word_1_240' title='bbox 167 2011 434 2050; x_wconf 85' lang='lat' dir='ltr'>conservanda</span> <span class='ocrx_word' id='word_1_241' title='bbox 464 2014 594 2059; x_wconf 84' lang='lat' dir='ltr'>erant,</span> <span class='ocrx_word' id='word_1_242' title='bbox 626 2014 670 2048; x_wconf 86' lang='lat' dir='ltr'>ut</span> <span class='ocrx_word' id='word_1_243' title='bbox 699 2023 849 2061; x_wconf 89' lang='lat' dir='ltr'>pernae,</span> <span class='ocrx_word' id='word_1_244' title='bbox 882 2023 967 2047; x_wconf 83' lang='lat' dir='ltr'>uvae</span> <span class='ocrx_word' id='word_1_245' title='bbox 999 2023 1144 2059; x_wconf 88' lang='lat' dir='ltr'>passae,</span> <span class='ocrx_word' id='word_1_246' title='bbox 1178 2009 1409 2056; x_wconf 74' lang='lat' dir='ltr'>cucurbitae,</span> <span class='ocrx_word' id='word_1_247' title='bbox 1443 2008 1578 2055; x_wconf 84' lang='lat' dir='ltr'>sorba,</span> <span class='ocrx_word' id='word_1_248' title='bbox 1611 2008 1658 2046; x_wconf 88' lang='lat' dir='ltr'>cf.</span> 
     </span>
     <span class='ocr_line' id='line_1_28' title="bbox 167 2076 1660 2128; baseline -0.003 -11"><span class='ocrx_word' id='word_1_249' title='bbox 167 2080 326 2118; x_wconf 88' lang='lat' dir='ltr'>Petron.</span> <span class='ocrx_word' id='word_1_250' title='bbox 365 2081 462 2118; x_wconf 84' lang='lat'>135:</span> <span class='ocrx_word' id='word_1_251' title='bbox 514 2079 736 2128; x_wconf 83' lang='lat' dir='ltr'>„Praeterea</span> <span class='ocrx_word' id='word_1_252' title='bbox 774 2092 870 2128; x_wconf 83' lang='lat' dir='ltr'>quas</span> <span class='ocrx_word' id='word_1_253' title='bbox 908 2078 1059 2116; x_wconf 89' lang='lat' dir='ltr'>fumoso</span> <span class='ocrx_word' id='word_1_254' title='bbox 1099 2090 1288 2127; x_wconf 88' lang='lat' dir='ltr'>suspensa</span> <span class='ocrx_word' id='word_1_255' title='bbox 1324 2077 1455 2127; x_wconf 84' lang='lat' dir='ltr'>tigillo</span> <span class='ocrx_word' id='word_1_256' title='bbox 1498 2076 1660 2114; x_wconf 88' lang='lat' dir='ltr'>Conser-</span> 
     </span>
     <span class='ocr_line' id='line_1_29' title="bbox 167 2144 1661 2198; baseline -0.003 -13"><span class='ocrx_word' id='word_1_257' title='bbox 167 2148 286 2186; x_wconf 87' lang='lat' dir='ltr'>vabat</span> <span class='ocrx_word' id='word_1_258' title='bbox 316 2161 409 2198; x_wconf 88' lang='lat' dir='ltr'>opes</span> <span class='ocrx_word' id='word_1_259' title='bbox 440 2148 597 2185; x_wconf 88' lang='lat' dir='ltr'>humilis</span> <span class='ocrx_word' id='word_1_260' title='bbox 629 2145 765 2194; x_wconf 77' lang='lat' dir='ltr'>casa“;</span> <span class='ocrx_word' id='word_1_261' title='bbox 813 2147 908 2196; x_wconf 87' lang='lat' dir='ltr'>quin</span> <span class='ocrx_word' id='word_1_262' title='bbox 939 2147 1055 2183; x_wconf 88' lang='lat' dir='ltr'>etiam</span> <span class='ocrx_word' id='word_1_263' title='bbox 1087 2148 1221 2184; x_wconf 90' lang='lat' dir='ltr'>vinum</span> <span class='ocrx_word' id='word_1_264' title='bbox 1251 2146 1291 2183; x_wconf 89' lang='lat' dir='ltr'>in</span> <span class='ocrx_word' id='word_1_265' title='bbox 1321 2146 1498 2183; x_wconf 83' lang='lat' dir='ltr'>fumariis</span> <span class='ocrx_word' id='word_1_266' title='bbox 1530 2144 1661 2182; x_wconf 86' lang='lat' dir='ltr'>condi-</span> 
     </span>
     <span class='ocr_line' id='line_1_30' title="bbox 168 2213 1661 2262; baseline -0.003 -9"><span class='ocrx_word' id='word_1_267' title='bbox 168 2219 253 2254; x_wconf 89' lang='lat' dir='ltr'>tum</span> <span class='ocrx_word' id='word_1_268' title='bbox 292 2229 375 2254; x_wconf 91' lang='lat' dir='ltr'>esse</span> <span class='ocrx_word' id='word_1_269' title='bbox 413 2218 590 2254; x_wconf 84' lang='lat' dir='ltr'>novimus</span> <span class='ocrx_word' id='word_1_270' title='bbox 629 2229 676 2252; x_wconf 89' lang='lat' dir='ltr'>ex</span> <span class='ocrx_word' id='word_1_271' title='bbox 715 2215 810 2253; x_wconf 90' lang='lat' dir='ltr'>Hor.</span> <span class='ocrx_word' id='word_1_272' title='bbox 845 2214 916 2253; x_wconf 85' lang='lat' dir='ltr'>Od.</span> <span class='ocrx_word' id='word_1_273' title='bbox 949 2215 1024 2262; x_wconf 92' lang='lat' dir='ltr'>III,</span> <span class='ocrx_word' id='word_1_274' title='bbox 1068 2215 1110 2262; x_wconf 83' lang='lat'>8,</span> <span class='ocrx_word' id='word_1_275' title='bbox 1154 2214 1216 2252; x_wconf 86' lang='lat'>11.</span> <span class='ocrx_word' id='word_1_276' title='bbox 1292 2214 1467 2251; x_wconf 89' lang='lat' dir='ltr'>Martial.</span> <span class='ocrx_word' id='word_1_277' title='bbox 1499 2213 1554 2260; x_wconf 85' lang='lat' dir='ltr'>X,</span> <span class='ocrx_word' id='word_1_278' title='bbox 1598 2214 1661 2250; x_wconf 86' lang='lat'>36.</span> 
     </span>
     <span class='ocr_line' id='line_1_31' title="bbox 169 2281 1662 2334; baseline -0.003 -12"><span class='ocrx_word' id='word_1_279' title='bbox 169 2284 275 2322; x_wconf 80' lang='lat' dir='ltr'>Male</span> <span class='ocrx_word' id='word_1_280' title='bbox 305 2284 481 2322; x_wconf 86' lang='lat' dir='ltr'>Isidorus</span> <span class='ocrx_word' id='word_1_281' title='bbox 513 2285 620 2334; x_wconf 87' lang='lat' dir='ltr'>Orig.</span> <span class='ocrx_word' id='word_1_282' title='bbox 652 2283 760 2331; x_wconf 90' lang='lat' dir='ltr'>XIX,</span> <span class='ocrx_word' id='word_1_283' title='bbox 798 2284 846 2321; x_wconf 90' lang='lat'>10</span> <span class='ocrx_word' id='word_1_284' title='bbox 881 2296 902 2320; x_wconf 92' lang='lat' dir='ltr'>a</span> <span class='ocrx_word' id='word_1_285' title='bbox 932 2283 1067 2331; x_wconf 87' lang='lat' dir='ltr'>tegula</span> <span class='ocrx_word' id='word_1_286' title='bbox 1097 2282 1270 2329; x_wconf 89' lang='lat' dir='ltr'>deducit,</span> <span class='ocrx_word' id='word_1_287' title='bbox 1305 2286 1343 2320; x_wconf 93' lang='lat' dir='ltr'>et</span> <span class='ocrx_word' id='word_1_288' title='bbox 1373 2281 1568 2320; x_wconf 86' lang='lat' dir='ltr'>Gruterus</span> <span class='ocrx_word' id='word_1_289' title='bbox 1601 2294 1662 2318; x_wconf 89' lang='lat' dir='ltr'>ca-</span> 
     </span>
     <span class='ocr_line' id='line_1_32' title="bbox 169 2349 1660 2403; baseline -0.003 -13"><span class='ocrx_word' id='word_1_290' title='bbox 169 2353 314 2391; x_wconf 86' lang='lat' dir='ltr'>minam</span> <span class='ocrx_word' id='word_1_291' title='bbox 344 2354 649 2403; x_wconf 82' lang='lat' dir='ltr'>interpretatur3</span> <span class='ocrx_word' id='word_1_292' title='bbox 695 2351 846 2389; x_wconf 85' lang='lat' dir='ltr'>Nonius</span> <span class='ocrx_word' id='word_1_293' title='bbox 886 2354 1018 2389; x_wconf 85' lang='lat' dir='ltr'>autem</span> <span class='ocrx_word' id='word_1_294' title='bbox 1058 2364 1096 2401; x_wconf 91' lang='lat' dir='ltr'>p.</span> <span class='ocrx_word' id='word_1_295' title='bbox 1134 2352 1211 2389; x_wconf 86' lang='lat'>134</span> <span class='ocrx_word' id='word_1_296' title='bbox 1253 2354 1292 2387; x_wconf 91' lang='lat' dir='ltr'>et</span> <span class='ocrx_word' id='word_1_297' title='bbox 1330 2354 1512 2399; x_wconf 87' lang='lat' dir='ltr'>corrupte</span> <span class='ocrx_word' id='word_1_298' title='bbox 1550 2349 1660 2398; x_wconf 85' lang='lat' dir='ltr'>legit:</span> 
     </span>
     <span class='ocr_line' id='line_1_33' title="bbox 175 2417 1662 2470; baseline -0.005 -11"><span class='ocrx_word' id='word_1_299' title='bbox 175 2424 266 2468; x_wconf 91' lang='lat' dir='ltr'>„tuo</span> <span class='ocrx_word' id='word_1_300' title='bbox 310 2421 445 2470; x_wconf 86' lang='lat' dir='ltr'>ligello</span> <span class='ocrx_word' id='word_1_301' title='bbox 484 2421 595 2458; x_wconf 85' lang='lat' dir='ltr'>fuisti</span> <span class='ocrx_word' id='word_1_302' title='bbox 634 2433 712 2470; x_wconf 87' lang='lat' dir='ltr'>qua</span> <span class='ocrx_word' id='word_1_303' title='bbox 754 2420 834 2456; x_wconf 88' lang='lat' dir='ltr'>exis</span> <span class='ocrx_word' id='word_1_304' title='bbox 879 2417 1025 2467; x_wconf 79' lang='lat' dir='ltr'>foras“,</span> <span class='ocrx_word' id='word_1_305' title='bbox 1075 2423 1114 2457; x_wconf 89' lang='lat' dir='ltr'>et</span> <span class='ocrx_word' id='word_1_306' title='bbox 1151 2419 1258 2469; x_wconf 89' lang='lat' dir='ltr'>quod</span> <span class='ocrx_word' id='word_1_307' title='bbox 1302 2418 1502 2466; x_wconf 82' lang='lat' dir='ltr'>„ligellum</span> <span class='ocrx_word' id='word_1_308' title='bbox 1548 2421 1662 2464; x_wconf 82' lang='lat' dir='ltr'>tugu-</span> 
     </span>
     <span class='ocr_line' id='line_1_34' title="bbox 172 2484 1664 2537; baseline -0.003 -10"><span class='ocrx_word' id='word_1_309' title='bbox 172 2490 326 2537; x_wconf 88' lang='lat' dir='ltr'>riolum,</span> <span class='ocrx_word' id='word_1_310' title='bbox 361 2489 601 2527; x_wconf 86' lang='lat' dir='ltr'>domicilium</span> <span class='ocrx_word' id='word_1_311' title='bbox 633 2486 776 2525; x_wconf 83' lang='lat' dir='ltr'>breve“</span> <span class='ocrx_word' id='word_1_312' title='bbox 813 2491 982 2535; x_wconf 86' lang='lat' dir='ltr'>enarrat,</span> <span class='ocrx_word' id='word_1_313' title='bbox 1014 2492 1162 2525; x_wconf 91' lang='lat' dir='ltr'>temere</span> <span class='ocrx_word' id='word_1_314' title='bbox 1193 2487 1402 2524; x_wconf 85' lang='lat' dir='ltr'>confictum</span> <span class='ocrx_word' id='word_1_315' title='bbox 1434 2489 1504 2522; x_wconf 91' lang='lat' dir='ltr'>est.</span> <span class='ocrx_word' id='word_1_316' title='bbox 1552 2484 1664 2530; x_wconf 83' lang='lat' dir='ltr'>Quod</span> 
     </span>
     <span class='ocr_line' id='line_1_35' title="bbox 173 2553 1662 2608; baseline -0.005 -12"><span class='ocrx_word' id='word_1_317' title='bbox 173 2571 294 2608; x_wconf 90' lang='lat' dir='ltr'>quum</span> <span class='ocrx_word' id='word_1_318' title='bbox 323 2557 585 2596; x_wconf 82' lang='lat' dir='ltr'>intellexisset</span> <span class='ocrx_word' id='word_1_319' title='bbox 613 2555 833 2604; x_wconf 87' lang='lat' dir='ltr'>Turnebus,</span> <span class='ocrx_word' id='word_1_320' title='bbox 871 2553 1088 2605; x_wconf 78' lang='lat' dir='ltr'>„ligillum“</span> <span class='ocrx_word' id='word_1_321' title='bbox 1125 2557 1293 2594; x_wconf 86' lang='lat' dir='ltr'>coniecit</span> <span class='ocrx_word' id='word_1_322' title='bbox 1327 2567 1373 2601; x_wconf 90' lang='lat' dir='ltr'>„a</span> <span class='ocrx_word' id='word_1_323' title='bbox 1402 2553 1508 2602; x_wconf 87' lang='lat' dir='ltr'>ligno</span> <span class='ocrx_word' id='word_1_324' title='bbox 1540 2556 1583 2589; x_wconf 90' lang='lat' dir='ltr'>ut</span> <span class='ocrx_word' id='word_1_325' title='bbox 1614 2553 1662 2589; x_wconf 90' lang='lat' dir='ltr'>si-</span> 
     </span>
     <span class='ocr_line' id='line_1_36' title="bbox 171 2622 1662 2675; baseline -0.005 -11"><span class='ocrx_word' id='word_1_326' title='bbox 171 2626 308 2675; x_wconf 86' lang='lat' dir='ltr'>gillum</span> <span class='ocrx_word' id='word_1_327' title='bbox 341 2639 364 2663; x_wconf 91' lang='lat' dir='ltr'>a</span> <span class='ocrx_word' id='word_1_328' title='bbox 403 2627 529 2673; x_wconf 87' lang='lat' dir='ltr'>signo.</span> <span class='ocrx_word' id='word_1_329' title='bbox 560 2622 781 2662; x_wconf 80' lang='lat' dir='ltr'>Iacturam“</span> <span class='ocrx_word' id='word_1_330' title='bbox 823 2625 953 2675; x_wconf 89' lang='lat' dir='ltr'>inquit</span> <span class='ocrx_word' id='word_1_331' title='bbox 995 2638 1059 2672; x_wconf 81' lang='lat' dir='ltr'>„se</span> <span class='ocrx_word' id='word_1_332' title='bbox 1099 2624 1228 2661; x_wconf 83' lang='lat' dir='ltr'>facere</span> <span class='ocrx_word' id='word_1_333' title='bbox 1260 2623 1463 2659; x_wconf 86' lang='lat' dir='ltr'>existimat</span> <span class='ocrx_word' id='word_1_334' title='bbox 1494 2633 1572 2657; x_wconf 92' lang='lat' dir='ltr'>non</span> <span class='ocrx_word' id='word_1_335' title='bbox 1603 2633 1662 2658; x_wconf 88' lang='lat' dir='ltr'>so-</span> 
     </span>
     <span class='ocr_line' id='line_1_37' title="bbox 171 2688 1663 2743; baseline -0.003 -13"><span class='ocrx_word' id='word_1_336' title='bbox 171 2694 253 2731; x_wconf 93' lang='lat' dir='ltr'>lum</span> <span class='ocrx_word' id='word_1_337' title='bbox 284 2695 316 2732; x_wconf 90' lang='lat' dir='ltr'>si</span> <span class='ocrx_word' id='word_1_338' title='bbox 347 2694 410 2731; x_wconf 88' lang='lat' dir='ltr'>vel</span> <span class='ocrx_word' id='word_1_339' title='bbox 439 2693 641 2730; x_wconf 84' lang='lat' dir='ltr'>tantillum</span> <span class='ocrx_word' id='word_1_340' title='bbox 679 2693 778 2743; x_wconf 88' lang='lat' dir='ltr'>ligni</span> <span class='ocrx_word' id='word_1_341' title='bbox 808 2694 848 2730; x_wconf 88' lang='lat' dir='ltr'>in</span> <span class='ocrx_word' id='word_1_342' title='bbox 879 2694 963 2730; x_wconf 88' lang='lat' dir='ltr'>foco</span> <span class='ocrx_word' id='word_1_343' title='bbox 995 2696 1154 2738; x_wconf 82' lang='lat' dir='ltr'>uratur,</span> <span class='ocrx_word' id='word_1_344' title='bbox 1201 2691 1270 2728; x_wconf 88' lang='lat' dir='ltr'>sed</span> <span class='ocrx_word' id='word_1_345' title='bbox 1309 2690 1427 2727; x_wconf 88' lang='lat' dir='ltr'>etiam</span> <span class='ocrx_word' id='word_1_346' title='bbox 1466 2690 1498 2725; x_wconf 89' lang='lat' dir='ltr'>si</span> <span class='ocrx_word' id='word_1_347' title='bbox 1535 2688 1663 2726; x_wconf 88' lang='lat' dir='ltr'>fumus</span> 
     </span>
     <span class='ocr_line' id='line_1_38' title="bbox 166 2757 1665 2811; baseline -0.005 -11"><span class='ocrx_word' id='word_1_348' title='bbox 166 2774 222 2799; x_wconf 82' lang='lat' dir='ltr'>-ex</span> <span class='ocrx_word' id='word_1_349' title='bbox 245 2775 290 2800; x_wconf 94' lang='lat' dir='ltr'>eo</span> <span class='ocrx_word' id='word_1_350' title='bbox 314 2764 356 2800; x_wconf 93' lang='lat' dir='ltr'>in</span> <span class='ocrx_word' id='word_1_351' title='bbox 379 2774 516 2800; x_wconf 85' lang='lat' dir='ltr'>auram</span> <span class='ocrx_word' id='word_1_352' title='bbox 539 2758 792 2811; x_wconf 73' lang='lat' dir='ltr'>dissipetur‘⁵.</span> <span class='ocrx_word' id='word_1_353' title='bbox 855 2761 978 2807; x_wconf 77' lang='lat' dir='ltr'>Quam</span> <span class='ocrx_word' id='word_1_354' title='bbox 1000 2761 1276 2798; x_wconf 84' lang='lat' dir='ltr'>Taubmannus</span> <span class='ocrx_word' id='word_1_355' title='bbox 1307 2759 1392 2795; x_wconf 88' lang='lat' dir='ltr'>iure</span> <span class='ocrx_word' id='word_1_356' title='bbox 1422 2757 1665 2806; x_wconf 86' lang='lat' dir='ltr'>hyperbolen</span> 
     </span>
    </p>
   </div>
  </div>
 </body>
</html>
