1897 3171
278 174 358 212 558
927 169 1109 205 Curculio.

277 298 468 335 exciderit
514 311 674 335 necesse
721 302 792 335 est.
882 298 977 337 Eius
1024 300 1110 337 1000
1157 300 1303 347 legitur
1343 296 1521 349 Sequere
1557 311 1639 347 me,
1687 315 1772 350 quae

276 368 512 416 interpretes
543 379 665 415 puero
698 367 830 415 aliquo
860 367 1078 417 pedisequo
1112 367 1215 405 dicta
1253 371 1417 416 putant,
1456 369 1653 418 talemque
1683 383 1773 420 per-

278 448 411 472 sonam
465 434 601 471 adesse
655 435 773 471 etiam
830 436 869 471 in
917 435 1139 472 nominibus
1185 449 1309 472 scenae
1360 438 1640 486 suprascriptis
1684 437 1772 476 edd.

279 503 440 552 quidam
468 501 704 550 significant,
739 515 976 553 quamquam
1009 505 1091 540 eius
1122 504 1272 541 nullum
1305 503 1398 540 alibi
1428 506 1638 554 vestigium
1668 507 1774 542 inve-

279 572 388 608 nitur
418 584 490 607 nec
522 573 681 608 omnino
723 572 892 620 parasiti
933 576 991 608 est
1031 571 1289 621 pedisequum
1320 573 1475 610 habere.
1544 573 1656 612 Unde
1689 577 1776 611 orta

279 641 357 676 sint
381 639 462 676 haec
486 639 617 685 verba,
650 643 783 676 utrum
809 652 857 676 ex
879 653 916 677 v.
937 641 1016 677 370
1044 653 1093 676 an
1117 640 1285 688 aliunde,
1310 642 1471 690 ignor03
1505 641 1671 679 delenda
1693 655 1776 679 esse

279 707 442 744 affirmo.
476 726 531 731 —
565 708 657 745 392.
699 703 880 746 Unoeule
910 708 1003 744 olim
1035 708 1301 755 emendatum,
1343 712 1388 745 ut
1419 722 1454 747 V.
1491 710 1582 747 394.
1645 709 1702 746 De
1733 724 1776 746 re

279 789 313 812 v.
347 775 396 812 ad
439 775 532 812 384.
565 795 619 800 —
660 776 752 812 393.
798 771 974 814 Coclites
1014 775 1180 814 Romani
1219 778 1298 818 τοὺς
1335 779 1540 819 Κυκλῶπας
1578 778 1775 823 dicebant,

280 845 443 892 antiqua
474 844 644 881 nominis
676 844 923 890 detorsione,
957 846 1066 880 0111115
1096 845 1251 893 generis
1283 849 1373 882 sunt
1406 845 1645 893 Catamitus,
1678 846 1776 882 Her-

279 911 402 958 cules,
435 911 594 957 Pollux,
629 910 784 958 Ulixes,
816 911 1046 950 Patricoles.
1116 912 1241 950 Varro
1281 913 1353 950 hoc
1391 927 1531 964 parum
1564 914 1775 960 intellexit,

280 980 324 1017 L.
343 980 387 1017 L.
405 979 491 1027 VII,
511 981 584 1016 71:
624 979 694 1026 „ab
721 980 834 1017 oculo
853 980 987 1018 Cocles
1011 985 1056 1017 ut
1081 981 1184 1018 ocles
1210 981 1349 1027 dictus,
1378 983 1444 1031 qui
1469 996 1590 1019 unum
1614 982 1778 1020 haberet

281 1048 482 1093 oculum⁰3
516 1052 598 1084 tum
622 1047 659 1085 h.
687 1047 711 1085 l.
738 1048 865 1085 affert.
925 1046 1127 1097 prosapia
1158 1054 1249 1087 cett.
1283 1050 1409 1096 codd,
1444 1051 1468 1087 i.
1497 1064 1529 1088 e.
1562 1064 1694 1100 genus,
1728 1049 1775 1088 cf.

282 1116 402 1153 Merc.
425 1117 516 1153 625.
566 1115 788 1153 Obsoletam
807 1129 941 1153 vocem
960 1122 1236 1154 commemorat
1254 1117 1418 1163 Quintil.
1438 1118 1467 1165 I,
1489 1119 1524 1165 6,
1548 1120 1600 1156 40
1619 1123 1658 1156 et
1673 1118 1777 1165 VIII,

284 1186 318 1230 3,
353 1185 417 1221 26.
450 1203 504 1208 ——
538 1184 630 1221 394.
664 1180 707 1221 hi
739 1183 862 1230 codd„
900 1186 977 1222 „ii”
1007 1185 1093 1222 edd.
1124 1189 1229 1232 cett,
1263 1186 1321 1223 Fl.
1354 1185 1431 1234 „i“.
1489 1207 1521 1212 —
1551 1184 1626 1225 hoe
1656 1184 1780 1225 ictum

282 1252 341 1290 est
378 1248 494 1298 milei,
542 1252 623 1288 haec
663 1252 781 1302 plaga
818 1253 914 1289 mihi
952 1252 1103 1290 inflicta
1143 1259 1200 1291 est
1251 1252 1392 1300 (victum
1431 1259 1522 1293 cett.
1557 1253 1685 1298 codd.)
1725 1275 1781 1280 —

285 1322 332 1358 39
343 1324 376 1358 5.
409 1318 541 1369 Apud
559 1315 786 1370 Sicyonem.
842 1321 901 1357 Ibi
918 1326 1136 1370 pugnatum
1155 1326 1213 1359 est
1239 1336 1260 1359 a
1287 1324 1379 1369 303,
1414 1337 1533 1373 quum
1555 1323 1780 1361 Demetrius

281 1388 494 1425 Ptolemaeo
526 1388 660 1425 urbem
702 1391 895 1439 eriperet,
941 1403 978 1426 v.
1012 1389 1126 1426 Diod.
1160 1390 1253 1437 XX,
1301 1392 1390 1429 102.
1422 1412 1479 1416 —
1515 1388 1629 1430 Nam
1659 1393 1780 1429 inter-

281 1460 397 1504 rogat
427 1460 472 1494 ut
503 1470 538 1494 v.
575 1458 637 1493 12.
700 1457 823 1504 Quid,
857 1458 1004 1507 inquit,
1038 1471 1123 1494 mea
1154 1459 1290 1505 refert,
1323 1463 1454 1497 utrum
1486 1461 1526 1497 in
1556 1459 1659 1497 bello
1691 1473 1780 1496 ocu-

282 1525 361 1562 lum
396 1525 572 1562 amiseris
605 1539 653 1562 an
687 1525 763 1562 olla
797 1526 937 1562 cineris
968 1526 1084 1576 plena
1116 1525 1189 1563 tibi
1221 1529 1261 1564 in
1293 1532 1411 1578 caput
1440 1524 1621 1565 inflicta?
1679 1527 1780 1564 Nam

282 1594 320 1630 111
352 1593 504 1631 abiecto
536 1593 714 1639 homine,
757 1594 910 1630 servilis
950 1598 1017 1631 aut
1056 1608 1134 1632 non
1166 1595 1288 1632 multo
1320 1596 1494 1633 melioris
1527 1596 1780 1642 condicionis,

281 1662 353 1698 hoc
384 1663 516 1712 potius
556 1663 747 1710 suspicari
787 1662 944 1699 licebat.
1016 1662 1127 1699 Talia
1168 1676 1270 1714 saepe
1309 1665 1568 1714 patiebantur
1600 1664 1779 1714 parasiti,

279 1743 315 1766 v.
348 1730 397 1767 ad
429 1730 539 1779 Capt.
575 1731 639 1768 88.
701 1730 781 1767 Nec
813 1742 890 1767 11011
923 1734 1100 1779 agnoscit
1131 1731 1202 1768 1100
1233 1734 1319 1782 ipse
1351 1732 1555 1779 Curculio,
1590 1734 1658 1781 qui
1688 1745 1781 1768 vera

281 1811 368 1835 eum
399 1798 614 1848 praedicare
647 1798 742 1835 dicit
776 1804 813 1835 et
845 1796 1190 1847 superstitiosum,
1224 1801 1248 1838 i.
1285 1814 1316 1837 e.
1351 1801 1537 1847 divinum,
1571 1813 1668 1846 esse,
1699 1799 1779 1837 vid.

281 1865 422 1916 Amph.
457 1867 550 1903 319.
583 1887 640 1890 —
673 1868 764 1904 398.
800 1864 1003 1915 catapulta
1036 1881 1113 1904 non
1146 1869 1270 1905 solum
1305 1869 1483 1906 machina
1515 1868 1678 1914 dicitur,
1712 1866 1779 1904 sed

280 1934 398 1970 etiam
429 1934 553 1983 pilum
587 1935 890 1985 catapultarium
927 1933 1052 1985 (quod
1083 1936 1231 1984 legitur
1261 1936 1364 1973 infra
1397 1935 1508 1984 685),
1541 1950 1576 1974 v.
1609 1936 1781 1973 Titinius

279 2001 384 2051 apud
415 2001 516 2039 Non.
550 2016 588 2052 p.
626 2004 726 2040 552:
785 2004 1011 2052 ..catapulta
1050 2004 1199 2041 uolat'*.
1231 2023 1286 2028 —
1318 2001 1436 2042 ¹illaec
1468 2004 1578 2041 codd.
1613 2005 1778 2053 antiqua

277 2069 420 2116 forma,
468 2075 512 2107 ut
557 2070 714 2116 „haec“.
791 2071 883 2109 Post
935 2070 1208 2122 „catapultae“
1251 2073 1384 2110 hiatur
1425 2074 1465 2110 in
1505 2084 1671 2118 caesura3
1717 2071 1776 2109 Fl.

282 2136 507 2187 „Namque“
531 2140 700 2188 scripsit.
719 2159 774 2164 —
794 2141 886 2177 399.
920 2139 1115 2188 Lyconem
1133 2146 1261 2188 rogat,
1289 2155 1337 2178 ne
1352 2141 1493 2178 vulnus
1511 2141 1667 2177 fortiter
1682 2152 1778 2189 pug-

277 2206 408 2243 nando
450 2211 653 2256 acceptum
693 2212 731 2244 et
770 2208 873 2256 qnod
917 2208 1056 2245 honori
1096 2208 1170 2245 sibi
1202 2222 1284 2246 esse
1316 2208 1477 2255 debeat,
1519 2207 1775 2258 obprobrium

277 2274 394 2311 faciat
418 2278 456 2311 et
480 2275 577 2312 vitio
604 2275 680 2311 sibi
703 2281 842 2312 vertat.
892 2273 1014 2322 iniec-3,
1048 2278 1073 2314 i.
1093 2290 1124 2314 e.
1144 2276 1214 2314 sub
1232 2276 1364 2314 fascia.
1391 2296 1447 2301 —
1472 2277 1567 2314 400.
1600 2273 1773 2325 insiyne,

278 2342 324 2380 cf.
358 2342 449 2380 Tac.
481 2343 583 2380 Ann.
614 2343 665 2390 II,
701 2345 745 2381 9:
797 2345 986 2393 „insignis
1027 2346 1170 2381 amisso
1202 2343 1356 2382 oculo⁴‘.
1399 2365 1453 2370 —
1493 2339 1776 2390 Incomzftz'are,

277 2411 432 2460 antiqui
464 2412 656 2448 sermonis
687 2411 869 2458 verbum,
913 2412 1017 2461 quod
1049 2412 1122 2450 1100
1152 2426 1229 2450 11110
1261 2413 1349 2451 1000
1381 2416 1507 2459 extat,
1539 2412 1648 2449 Festi
1680 2413 1775 2461 epit.

276 2492 313 2528 p.
351 2480 427 2516 10¹7
467 2478 710 2528 „significat”
747 2481 877 2528 inquit
912 2480 1016 2525 „tale
1049 2481 1265 2518 convicium
1304 2480 1451 2527 facere,
1492 2493 1563 2531 pro
1603 2492 1680 2530 quo
1709 2493 1775 2516 ne-

277 2559 380 2583 cesse
414 2548 463 2583 sit
496 2548 536 2583 in
568 2548 791 2593 comitium,
832 2549 858 2584 i.
892 2560 923 2584 e.
956 2548 996 2584 111
1029 2553 1284 2595 conventum,
1325 2548 1507 2596 venire‘·';
1555 2561 1639 2598 quae
1672 2560 1775 2596 aegre

276 2615 566 2662 intelliguntur.
632 2615 770 2653 Potius
801 2617 1047 2653 incomitiare
1080 2615 1277 2666 significat
1308 2618 1347 2654 in
1380 2617 1582 2654 comitium
1613 2616 1774 2653 trahere

275 2683 337 2719 vel
368 2683 600 2732 producere,
633 2686 659 2721 i.
685 2697 715 2721 e.
752 2685 791 2720 in
821 2685 883 2720 ius
914 2697 1065 2733 rapere,
1098 2697 1186 2721 nam
1217 2685 1258 2721 in
1291 2686 1450 2722 comitio
1483 2689 1569 2722 erat
1598 2684 1775 2721 tribunal

272 2752 468 2799 praetoris,
486 2765 522 2789 v.
535 2750 584 2788 ad
601 2750 695 2788 469.
737 2751 842 2788 Fieri
858 2755 1001 2801 potest,
1020 2756 1063 2788 ut
1082 2752 1191 2789 aliud
1208 2736 1510 2800 significaverit}
1529 2752 1598 2789 sed
1614 2753 1773 2789 minime
