1897 3171
236 197 319 236 244
917 189 1041 224 Plauti
1508 188 1576 234 ΠΙ,
1589 190 1724 225 72-86

856 314 1111 356 Curculio

689 388 851 429 Dicam.
915 385 1025 436 Quia
1057 386 1170 427 enim
1201 385 1371 437 Persas,
1402 385 1723 440 Paphlagonas,

237 462 433 516 Sinopas,
465 460 643 512 Arabes,
677 459 826 511 Caras,
860 458 1080 509 Oretanos,
1113 456 1252 511 Syros,

235 533 449 576 Rhodiam
481 538 612 586 atque
644 532 830 586 Lyciam,
864 530 1089 572 Perediam
1121 534 1163 570 et
1193 529 1501 581 Perbibesiam,

237 604 668 647 Centauromachiam
700 608 743 645 et
775 602 986 644 Classiam
1018 601 1363 643 Unomammiam
1659 613 1726 647 445

238 677 506 732 Libyamque
538 680 577 717 et
607 689 724 717 oram
758 689 925 716 omnem
958 672 1361 725 Contenebroniam,

237 749 471 791 Dimidiam
502 752 671 802 part-em
702 748 929 789 nationum
959 759 1098 799 usque
1130 745 1331 797 omnium,

240 820 419 875 Subegit
450 820 567 862 solus
598 820 715 861 intra
744 819 897 873 uiginti
929 817 1033 859 dies.

888 912 1030 967 Lyco

238 986 346 1029 Uah.

859 1069 1115 1113 Curculio

411 1144 524 1195 Quid
555 1144 744 1187 mirare?

919 1230 1054 1284 Lyco

812 1302 924 1352 Quia
956 1303 1069 1344 enim
1100 1302 1145 1342 in
1177 1314 1313 1343 cauea
1344 1302 1379 1343 si
1410 1301 1553 1342 forent

241 1377 439 1420 Conclusi
470 1376 621 1418 itidem
651 1380 699 1416 ut
732 1374 838 1428 pulli
869 1373 1112 1427 gallinacei,
1664 1384 1731 1417 450

239 1450 308 1491 Ita
337 1463 423 1491 non
454 1453 634 1503 potuere
666 1461 750 1488 uno
783 1460 894 1487 anno
927 1446 1204 1487 circumirier.

243 1521 384 1563 Credo
415 1519 560 1562 hercle
590 1526 631 1561 te
665 1532 758 1561 esse
790 1518 842 1559 ab
875 1518 973 1568 illo,
1004 1531 1103 1558 nam
1132 1517 1195 1559 ita
1224 1530 1360 1570 nugas
1391 1516 1536 1558 blatis.

866 1611 1119 1654 Curculio

240 1688 373 1729 Immo
407 1688 536 1729 etiam
567 1700 711 1741 porro,
744 1686 780 1727 si
810 1685 889 1736 uis,
924 1684 1077 1726 dicam.

922 1779 1056 1833 Lyco

1130 1849 1203 1892 Nil
1232 1863 1389 1892 moror.

241 1926 430 1981 Sequere
461 1925 562 1977 hac;
594 1930 637 1966 te
669 1923 908 1974 absoluam,
942 1937 1027 1977 qua
1059 1922 1276 1964 aduenisti
1308 1921 1463 1975 gratia.

241 1999 385 2053 Atque
417 2011 559 2039 eccum
594 1996 734 2038 uideo.
794 1995 922 2046 Leno,
955 1995 1088 2036 salue.

845 2089 1134 2144 Cappadox

1143 2160 1199 2201 Di
1228 2165 1271 2202 ‘ce
1303 2165 1460 2202 ament.
1665 2170 1734 2204 455

922 2233 1057 2287 Lyco

246 2305 359 2356 Quid
388 2305 481 2358 hoc,
513 2305 629 2360 quod
661 2305 717 2347 ad
747 2310 790 2347 te
822 2306 982 2347 uenio?

847 2398 1135 2454 Cappadox

1013 2472 1157 2524 Dicas,
1189 2472 1294 2525 quid
1323 2471 1446 2513 uelis.

335 2657 492 2691 443—46
518 2657 633 2692 tribus
658 2657 830 2692 uersibus.
948 2658 1015 2690 444
1040 2656 1171 2690 rhodia
1197 2661 1269 2702 atq.
1294 2658 1419 2692 liciam
1443 2656 1681 2691 Perrehdiam
1707 2656 1738 2691 ὣ

244 2724 310 2757 per
333 2712 534 2748 heblesiam
625 2715 692 2748 446
718 2717 754 2748 et
779 2724 844 2748 om.
952 2713 1219 2748 conbenebrom
1243 2714 1343 2748 niam
1447 2714 1605 2747 447—51
1633 2717 1736 2757 quat-

246 2773 330 2804 tuor
353 2771 530 2805 uersibus.
600 2773 667 2806 448
692 2771 835 2805 interea
905 2771 971 2804 452
996 2769 1122 2804 blattis
1193 2772 1261 2805 454
1284 2770 1348 2806 ted
