1897 3171
259 203 342 241 414
896 197 1112 232 Bacchides.

258 331 403 374 metro,
446 327 492 365 cf.
526 327 613 364 Ter.
646 326 745 363 Eun.
784 328 873 364 197.
906 346 961 352 -—
1006 322 1293 373 „arbitrarier,
1340 324 1564 362 adiudicare
1595 328 1634 362 et
1663 328 1748 362 tan-

260 411 375 447 quam
419 396 568 433 arbiter
604 393 823 441 tribuere“,
870 394 1005 432 Lamb.
1055 395 1101 432 cf.
1141 393 1257 443 Epid.
1300 393 1397 430 684:
1466 393 1592 439 „facto
1633 405 1750 442 opere

260 462 561 503 arbitramino“.
594 484 650 488 —
685 464 776 501 569.
819 460 887 500 ted
916 462 1050 508 codd.;
1099 464 1205 498 errat
1235 461 1392 498 Miiller.
1424 460 1483 498 Pl.
1515 460 1578 498 Pr.
1611 474 1649 510 p.
1683 462 1747 499 30.

377 533 467 570 571.
502 532 672 569 Advenit
697 532 834 568 militis
865 531 1072 579 parasitus,
1105 533 1148 566 ut
1179 530 1342 566 amicam
1367 531 1450 566 eius
1475 532 1648 566 arcessat
1670 532 1749 575 aut,

259 602 291 638 si
321 602 379 637 ire
411 600 532 645 nolit,
564 600 770 649 pecuniam
803 599 877 636 sibi
910 599 1042 635 datam
1073 597 1225 634 reddat.
1274 597 1385 634 Viam
1416 600 1609 634 monstrat
1639 609 1750 645 puer,

261 669 327 719 qui
366 671 483 705 antea
514 667 749 705 Bacchidem
792 667 840 704 ad
879 667 1026 704 sororis
1067 666 1170 703 aedes
1210 668 1419 702 comitatus
1459 667 1556 702 erat.
1632 664 1752 701 Novae

259 749 382 775 scenae
422 738 462 773 in
505 736 586 773 cod.
619 735 650 772 B
688 748 766 772 non
812 735 936 772 solum
967 735 1129 783 parasiti
1160 746 1332 783 persona
1362 735 1635 782 anteponitur,
1683 732 1754 769 sed

259 806 376 842 etiam
408 805 520 853 pueri
553 808 591 841 et
622 803 907 849 adulescentis,
954 815 1157 851 pueroque
1195 805 1362 850 uterque
1402 801 1525 838 codex
1561 814 1637 838 vss.
1673 802 1751 838 579

258 874 365 910 —81
401 872 561 918 tribuit,
596 872 703 921 quod
735 872 919 920 quoniam
948 883 1088 920 parum
1119 869 1344 919 probamus,
1377 869 1545 906 indicem
1574 882 1753 918 personae

261 944 377 978 mutae
410 941 632 986 omisimus,
664 939 904 976 Pistoclerus
936 942 1065 975 autem
1096 952 1130 975 v.
1167 939 1242 975 581
1278 937 1434 974 demum
1465 938 1558 974 exit.
1578 957 1633 961 —
1661 938 1751 975 571.

258 1010 360 1046 Ante
391 1005 571 1046 hominis
601 1007 731 1044 hiatus
762 1007 801 1043 in
833 1020 1000 1053 caesura,
1033 1007 1166 1044 Herm.
1194 1006 1261 1043 R.:
1299 1006 1490 1051 „hominis
1522 1016 1594 1053 ego
1626 1003 1751 1052 sum“,

259 1077 395 1114 Mun:
447 1076 554 1126 ..Ego
587 1089 671 1113 sum
704 1073 943 1123 pa1·asitus“.
983 1095 1037 1100 —
1081 1076 1158 1112 574
1191 1088 1249 1124 sq.
1295 1073 1352 1110 De
1385 1075 1579 1123 scriptura
1609 1069 1752 1120 semul,

260 1158 375 1194 quam
393 1145 423 1181 B
442 1149 477 1181 et
498 1144 524 1180 C
550 1144 613 1181 hic
637 1143 826 1193 praebent,
859 1156 894 1179 v.
914 1143 961 1179 ad
987 1143 1075 1180 Aul.
1097 1144 1189 1180 617.
1208 1162 1263 1167 —
1292 1143 1384 1179 575.
1418 1139 1584 1187 (ludum,
1617 1154 1753 1191 nuper,

259 1226 294 1250 v.
328 1213 378 1249 ad
408 1212 551 1262 Amph.
587 1213 680 1248 654.
722 1231 770 1236 —
811 1221 945 1259 puer&
985 1214 1025 1248 et
1062 1208 1159 1249 illac
1189 1210 1327 1256 Both.;
1376 1210 1423 1246 de
1461 1209 1531 1246 illa
1561 1209 1687 1246 forma
1716 1222 1752 1246 v.

260 1280 307 1318 ad
331 1281 441 1318 Asin.
463 1280 555 1318 379.
582 1299 635 1304 —
669 1280 760 1316 576.
803 1278 928 1324 Quum
960 1279 1105 1328 plures,
1139 1279 1277 1328 inquit,
1312 1278 1414 1315 aedes
1446 1278 1507 1314 hic
1539 1281 1639 1324 sunt,
1675 1290 1752 1324 eas,

260 1362 346 1398 quae
373 1348 581 1386 Bacchidis
607 1351 709 1393 sunt,
742 1352 797 1393 tu,
833 1348 899 1396 qui
931 1348 1048 1393 nosti,
1080 1347 1205 1396 pulsa.
1251 1346 1612 1383 Demonstrativum
1639 1345 1752 1382 omis-

259 1430 345 1454 sum
371 1421 441 1463 est,
469 1420 513 1453 ut
528 1417 636 1454 Asin.
659 1416 750 1453 523.
768 1435 823 1439 —-
857 1417 947 1453 577.
980 1415 1160 1452 Pulsavit
1183 1428 1292 1464 puer,
1326 1414 1395 1451 sed
1418 1427 1557 1463 parum
1583 1413 1752 1459 fortiter,

258 1488 302 1522 ut
332 1487 510 1534 parasito
542 1483 720 1531 videtur,
769 1484 836 1533 qui
876 1496 963 1520 eum
1002 1483 1254 1520 vehementer
1291 1484 1470 1531 increpat
1501 1485 1540 1518 et
1570 1480 1755 1518 recedere

256 1553 379 1590 iubet.
427 1550 610 1599 (Ῐῖθνθσΐθ,
642 1564 718 1588 vox
741 1551 938 1596 Plautina,
972 1564 1067 1587 crux
1091 1550 1398 1600 philologorum.
1445 1550 1598 1587 Nonius
1622 1561 1660 1597 p.
1680 1549 1752 1586 49:

261 1621 447 1668 „dierecti
485 1620 579 1657 dicti
612 1618 786 1657 crucifixi
819 1620 929 1669 quasi
962 1618 1011 1655 ad
1044 1618 1146 1656 diem
1178 1616 1340 1665 erecti“,
1381 1618 1485 1668 quod
1515 1617 1754 1654 refutatione

255 1701 333 1726 non
366 1692 466 1736 eget.
538 1687 614 1725 Sed
643 1700 784 1724 vereor
813 1691 857 1724 ut
887 1688 1036 1724 rectior
1067 1689 1117 1724 sit
1148 1687 1410 1736 recentiorum
1442 1688 1549 1723 ratio
1583 1699 1605 1722 a
1640 1682 1748 1731 „dis“

257 1760 296 1794 et
339 1754 497 1804 „erigo“
541 1756 823 1802 derivantium,
873 1756 985 1804 quasi
1036 1755 1244 1804 „dispessis
1286 1754 1464 1791 manibus
1512 1755 1552 1790 in
1598 1766 1753 1791 crucem

257 1822 459 1862 sublatus“
497 1822 600 1871 (Mil.
621 1825 699 1861 362
727 1827 765 1860 et
785 1821 922 1870 1398).
985 1823 1197 1860 Salmasius
1233 1821 1425 1869 „frustra“
1460 1822 1590 1871 inquit
1624 1834 1752 1871 „quae-

255 1894 357 1930 ritui·
393 1893 434 1929 in
465 1892 608 1929 Latino
640 1892 721 1928 solo
752 1891 868 1928 huius
900 1892 1006 1928 vocis
1039 1892 1151 1939 origo
1177 1895 1215 1928 et
1241 1889 1489 1940 significatio,
1524 1902 1610 1939 quae
1633 1889 1752 1939 plane

256 1960 393 1998 Graeca
426 1958 533 2006 est“;
566 1973 654 1996 nam
688 1959 882 1996 dierectus
908 1960 943 1996 ei
968 1959 1127 1996 videtur
1151 1959 1369 2008 διαρρηκτός,
1404 1957 1511 2008 quod
1536 1971 1613 2007 quo
1638 1957 1752 1993 modo

257 2028 454 2073 defendat,
487 2029 572 2077 ipse
595 2027 739 2074 videat,
772 2028 851 2064 vim
890 2030 1018 2064 autem
1052 2027 1246 2073 vocabuli,
1280 2030 1326 2063 ut
1355 2023 1601 2076 „perditum“
1631 2026 1750 2074 signi-

254 2096 357 2142 ficet,
392 2098 594 2133 assecutus
625 2094 794 2141 videtur,
827 2108 862 2132 v.
896 2094 1007 2133 Cure.
1043 2096 1142 2132 244:
1184 2095 1288 2143 „lien
1320 2091 1558 2131 dierectus“.
1620 2092 1750 2142 Saepe:

260 2164 348 2211 „abi
378 2160 613 2209 dierectus“‚
653 2164 679 2199 i.
713 2175 745 2199 e.
777 2165 822 2199 ut
851 2176 1002 2211 pereas,
1034 2176 1069 2200 v.
1104 2163 1187 2200 Cas.
1224 2164 1314 2200 103.
1374 2162 1494 2199 Merc.
1531 2163 1621 2199 181.
1656 2162 1749 2198 744.

254 2232 372 2269 Poen.
409 2230 507 2278 1603
538 2234 621 2267 tum
651 2230 771 2267 Most.
807 2231 909 2268 838:
946 2231 1035 2278 „abi
1068 2230 1280 2268 dierecta“.
1337 2230 1439 2268 Rud.
1477 2231 1603 2267 1170:
1640 2231 1677 2277 „i
1706 2232 1750 2266 tu

255 2297 467 2337 (lie1*ecta“.
529 2297 643 2348 Capt.
678 2299 778 2335 630:
835 2296 907 2345 ,.[i]
942 2299 1175 2346 dierectum,
1219 2312 1286 2336 cor
1316 2312 1446 2335 meum
1479 2311 1522 2335 ac
1555 2297 1749 2347 suspende

253 2366 334 2406 te“.
401 2367 507 2404 Men.
540 2367 643 2403 432:
697 2364 830 2412 „ducit
860 2366 1032 2404 lembum
1063 2367 1278 2404 dierectum
1311 2368 1423 2404 nauis
1454 2363 1748 2415 praedatoria&

254 2435 378 2473 Varro
422 2448 483 2484 ap.
520 2433 620 2471 Non.
666 2433 825 2482 „Apage
870 2435 911 2470 in
958 2435 1173 2472 dierectum
1223 2449 1245 2471 a
1291 2435 1406 2472 domo
1452 2437 1588 2471 nostra
1631 2435 1749 2470 istam

253 2499 552 2540 insanitatem!“
614 2501 669 2540 Ut
709 2501 747 2538 h.
780 2501 806 2538 l.
839 2501 956 2540 Most.
991 2504 1033 2540 8:
1085 2503 1173 2549 „abi
1213 2500 1425 2539 dierecte“.
1492 2502 1612 2538 Poen.
1649 2501 1745 2537 344:

259 2570 300 2618 „I
332 2570 506 2607 dierecte
538 2571 579 2607 in
610 2582 833 2607 maxumam
864 2570 1009 2606 malam
1040 2569 1231 2607 crucem'‘.
1292 2570 1435 2608 Utrum
1461 2569 1665 2606 vocativus
1697 2569 1750 2604 sit

256 2652 305 2675 an
337 2638 579 2685 adverbium,
624 2637 770 2687 ambigi
799 2640 945 2685 potest.
1006 2637 1136 2674 Etiam
1168 2651 1353 2675 mensura
1382 2636 1566 2673 vocabuli
1597 2637 1749 2672 incerta

254 2709 325 2743 est.
386 2706 543 2743 Brixius
583 2707 639 2743 ait
671 2705 767 2742 duas
797 2706 944 2754 primas
983 2705 1153 2754 syllabas
1185 2719 1339 2754 semper
1368 2708 1409 2742 in
1440 2717 1556 2741 unam
1587 2704 1748 2751 longam

254 2773 445 2820 contrahi,
480 2774 561 2821 sed,
593 2775 668 2810 nisi
700 2776 875 2810 mutatur
905 2775 1115 2822 scriptura,
1147 2776 1186 2809 et
1216 2773 1296 2811 h.1.
1326 2776 1366 2809 et
1395 2772 1482 2809 aliis
1514 2771 1747 2821 quibusdam
