1854 3188
235 164 260 202 3
911 160 1033 196 Plauti
1486 162 1517 207 1,
1536 165 1565 207 1,
1584 163 1725 198 13—39

881 286 1074 328 Euclio

235 382 292 424 At
321 385 371 422 111
403 380 586 423 scelesta
616 379 708 422 sola
739 392 883 422 secum
914 381 1173 422 murmurat!

236 453 394 495 Oculos
426 452 569 494 hercle
602 466 678 505 ego
709 453 831 503 istos,
861 452 1056 506 inproba,
1089 451 1300 494 ecfodiam
1331 450 1424 504 tibi,

233 525 296 566 Ne
328 538 395 565 me
428 524 661 565 obseruare
692 524 845 577 possis,
878 523 984 576 quid
1012 537 1158 564 rerum
1188 537 1348 577 geram.

233 595 429 637 Abscede
460 596 592 637 etiam
621 610 754 646 nunc3
801 595 944 636 etiam.
1006 594 1109 639 Ohe.

233 667 339 708 Istic
371 667 558 708 adstato.
629 666 673 708 Si
702 666 846 708 hercle
877 670 925 707 tu
957 680 1008 706 ex
1038 666 1146 707 istoc
1176 666 1271 708 1000

233 739 427 792 Digitum
456 743 754 780 transuorsum
784 741 861 779 aut
891 751 1077 790 unguem
1108 737 1245 778 latum
1277 738 1527 790 excesseris,

233 811 320 852 Aut
352 811 388 851 si
417 810 625 864 respexis‚
659 809 860 850 donicum
893 822 970 862 ego
1003 813 1045 850 te
1076 810 1254 860 iussero,

235 881 449 924 Continuo
480 881 623 923 hercle
656 894 733 933 ego
765 885 806 922 te
839 880 994 921 dedam
1026 880 1282 935 discipulam
1313 881 1440 922 cruci.
1473 904 1529 910 —

236 953 536 996 Scelestiorem
567 967 633 994 me
664 952 745 994 hac
776 967 862 994 anu
895 956 1011 994 certe
1044 953 1131 994 scio

236 1025 408 1067 Uidisse
439 1038 682 1078 numquam,
713 1025 927 1077 nimisque
960 1038 1038 1077 ego
1069 1024 1180 1065 hanc
1211 1028 1354 1066 metuo
1386 1024 1511 1075 male,

235 1097 300 1139 Ne
332 1095 436 1138 mihi
467 1110 519 1137 ex
549 1096 716 1138 insidiis
747 1096 884 1137 uerba
915 1096 1164 1150 inprudenti
1196 1096 1301 1147 duit,

236 1168 331 1210 Neu
362 1168 660 1223 persentiscat,
692 1182 844 1209 aurum
875 1167 950 1208 ubi
981 1172 1046 1209 est
1077 1167 1389 1219 absconditum,

239 1240 357 1290 Quae
387 1240 432 1281 in
464 1240 664 1294 occipitio
698 1253 869 1293 quoque
900 1239 1033 1281 habet
1065 1240 1226 1290 oculos,
1258 1253 1474 1293 pessuma.

236 1313 359 1354 Nunc
389 1311 473 1362 ibo,
506 1316 553 1353 ut
583 1312 735 1361 uisam,
769 1315 891 1353 estne
922 1312 986 1353 ita
1017 1326 1181 1362 aurum,
1214 1316 1261 1353 ut
1294 1311 1478 1363 condidi,

239 1383 365 1434 Quod
395 1397 461 1425 me
495 1382 702 1424 sollicitat
736 1383 932 1436 plurimis
964 1383 1167 1425 miserum
1198 1383 1351 1424 modis.

853 1511 1118 1566 Staphyla

238 1616 435 1657 Noenum
465 1617 692 1662 mecastor,
726 1613 829 1666 quid
861 1627 933 1654 ero
965 1627 1041 1667 ego
1075 1614 1214 1655 dicam
1246 1628 1340 1655 meo

238 1686 378 1728 Malae
408 1685 471 1726 rei
503 1685 696 1726 euenisse
729 1699 912 1737 quamue
944 1686 1167 1736 insaniam,

241 1758 360 1808 Queo
394 1757 662 1807 conminisei3
695 1758 758 1798 ita
788 1771 854 1798 me
886 1758 1088 1799 miseram
1121 1757 1176 1798 ad
1206 1756 1318 1799 hunc
1348 1756 1522 1798 modum

238 1830 421 1871 Deciens
454 1829 521 1870 die
553 1842 637 1870 uno
669 1842 795 1882 saepe
829 1829 1019 1870 extrudit
1050 1829 1245 1870 aedibus.

240 1901 394 1943 Nescio
426 1900 511 1954 pol,
545 1914 654 1953 quae
686 1901 819 1941 illunc
849 1899 1064 1941 hominem
1096 1900 1379 1953 intemperiae
1410 1903 1580 1941 tenent:

239 1971 474 2025 Peruigilat
505 1979 655 2013 noctes
685 1976 821 2022 totas3
852 1976 946 2013 tum
977 1976 1120 2014 autem
1151 1971 1362 2013 interdius

242 2044 377 2094 Quasi
409 2043 588 2084 claudus
622 2048 742 2084 sutor
773 2043 888 2085 domi
919 2044 1042 2085 sedet
1073 2050 1186 2085 totos
1218 2043 1319 2085 dies.

241 2116 388 2168 Neque
420 2115 519 2165 iam,
553 2128 635 2167 quo
668 2120 796 2169 pacto
829 2115 963 2157 celem
995 2116 1111 2157 erilis
1144 2115 1258 2157 filiae

241 2187 463 2237 Probrum,
494 2187 737 2240 propinqua
769 2187 990 2240 partitudo
1023 2189 1123 2240 quoi
1155 2188 1335 2242 adpetit,

244 2258 362 2308 Queo
396 2258 664 2309 conminisci;
695 2272 834 2311 neque
867 2258 1103 2313 quidquam
1135 2259 1309 2301 meliust
1341 2258 1457 2309 mihi,

242 2330 302 2372 Ut
333 2330 496 2384 opinor,
529 2343 656 2382 quam
688 2344 739 2371 ex
770 2345 836 2372 me
869 2335 915 2372 ut
945 2344 1075 2372 unam
1105 2331 1261 2373 faciam
1293 2331 1483 2372 litteram

246 2402 447 2455 Longam,
479 2415 622 2442 meum
652 2402 806 2454 laqueo
839 2402 996 2444 collum
1028 2402 1200 2455 quando
1234 2402 1517 2444 obstrinxero.

336 2556 378 2589 56
404 2557 525 2589 atasto
595 2556 639 2590 78
663 2555 815 2599 longum

1678 965 1730 998 601

1681 1322 1727 1357 65

1683 1841 1731 1874 70

1684 2197 1731 2231 75
