1854 3188
232 200 285 238 86
917 195 1038 229 Plauti
1417 195 1482 239 111,
1495 197 1526 239 2,
1543 196 1665 239 17—3,
1681 198 1719 229 11

232 321 392 372 Iustus,
423 321 624 371 iniustus,
656 320 883 374 malignus,
916 321 1073 374 largus,
1106 322 1249 365 comis,
1282 321 1593 363 incommodus.

234 391 351 434 Caue
384 393 457 443 sis,
489 397 532 434 te
564 407 768 447 superare
800 407 970 435 seruom
1003 394 1101 434 siris
1134 392 1338 433 faciundo
1369 392 1490 435 bene.

234 464 341 506 Utut
358 465 455 514 eris,
481 478 646 515 moneo,
672 464 788 505 haud
807 464 979 505 celabis.
1028 464 1110 506 Sed
1129 478 1250 505 eccos
1274 464 1402 506 uideo
1428 464 1627 508 incedere
1658 478 1725 511 400

232 536 406 577 Patrem
438 536 601 577 sodalis
633 540 672 578 et
705 537 981 589 magistrumn
1027 536 1126 577 hinc
1158 535 1431 584 auscultabo,
1474 551 1603 590 quam
1634 552 1723 580 rem

1187 612 1330 660 agant.

420 833 601 875 LYDUS
643 833 870 876 SERUOS.
940 833 1305 876 PHILOXENUS
1346 834 1541 877 SENEX.

570 912 969 955 MNESILOCHUS
1009 913 1391 955 ADULESCENS.

895 1015 1070 1070 Lydus

237 1086 362 1128 Nunc
396 1088 605 1141 experiar,
640 1089 751 1129 sitne
783 1092 953 1129 acetum
986 1088 1066 1129 tibi
1098 1094 1163 1129 ter
1196 1101 1290 1129 acre
1323 1089 1366 1129 in
1399 1093 1587 1142 pectore.

238 1158 438 1212 Sequere.

817 1231 1147 1273 Philoxenus

409 1301 501 1352 Quo
534 1304 721 1356 sequar?
755 1317 838 1358 quo
871 1303 991 1344 ducis
1023 1317 1136 1344 nunc
1168 1304 1263 1344 me?

903 1405 1070 1458 Lydus

1210 1478 1273 1518 Ad
1305 1478 1435 1528 illam,
1469 1492 1576 1531 quae
1607 1483 1730 1520 tuum

238 1547 445 1599 Perdidit.
481 1561 651 1601 pessum
685 1548 802 1590 dedit
835 1549 915 1590 tibi
946 1549 1080 1590 filium
1114 1550 1233 1591 unice
1264 1550 1449 1590 unicum.

821 1651 1152 1693 Philoxenus

239 1720 332 1772 Eia,
365 1722 504 1776 Lyde3
538 1722 693 1764 leniter
724 1724 796 1775 qui
830 1724 1042 1772 saeuiunt„
1082 1724 1258 1777 sapiunt
1290 1725 1437 1777 inagis.
1668 1734 1734 1766 405

238 1793 382 1834 Minus
416 1794 715 1845 miraudumst‚
748 1795 872 1837 illaec
906 1800 1028 1837 aetas
1063 1796 1097 1837 si
1130 1795 1234 1849 quid
1266 1795 1438 1836 illorum
1470 1796 1586 1841 facit,

243 1864 383 1914 Quam
416 1866 451 1907 si
483 1880 566 1908 non
599 1866 750 1917 faciat;
782 1865 864 1908 feci
896 1880 972 1919 ego
1006 1868 1142 1908 istaec
1175 1867 1325 1908 itidem
1358 1868 1400 1908 in
1427 1867 1733 1909 adulescentia.

902 1969 970 2022 Ly
982 1969 1076 2010 dus

242 2039 295 2080 Ei
326 2040 444 2088 mihi,
478 2041 517 2081 ei
548 2040 665 2091 mihi,
698 2041 833 2082 istaec
864 2040 986 2081 illum
1017 2040 1205 2094 perdidit
1239 2041 1504 2091 adsentati03

242 2110 352 2153 Nam
384 2111 549 2165 absque
580 2117 622 2153 tc
654 2116 786 2163 esset⁷
827 2126 904 2165 ego
943 2112 1063 2154 illum
1094 2112 1301 2154 haberem
1332 2116 1501 2155 rectum
1531 2112 1587 2154 ad
1618 2113 1737 2167 inge-

1196 2185 1314 2226 nium
1345 2184 1528 2236 bonum3

242 2254 367 2296 Nunc
397 2259 576 2309 propter
607 2260 648 2297 te
680 2260 888 2310 tuamque
920 2269 1078 2310 prauos
1110 2255 1251 2298 factus
1283 2261 1349 2298 est
1380 2256 1583 2298 fiduciam
1670 2269 1738 2300 410

244 2326 526 2368 Pistoclerus.

812 2398 1178 2442 Mnesilochus

592 2471 644 2512 Di
674 2471 935 2519 inmortales,
970 2486 1111 2513 meum
1145 2472 1340 2514 sodalem
1371 2472 1442 2514 hic
1474 2473 1681 2515 nominat.

247 2541 361 2592 Quid
391 2543 473 2584 hoc
502 2543 704 2596 negotist,
736 2542 1020 2584 Pistoclerum
1043 2543 1186 2597 Lydus
1213 2544 1328 2598 quod
1352 2558 1474 2586 erum
1504 2549 1594 2585 tam
1626 2544 1738 2586 ciet?

340 2712 407 2746 398
431 2711 736 2747 comincomodus
760 2711 807 2755 B,
834 2712 1048 2747 commodus
1074 2713 1330 2747 incommodus
1359 2712 1388 2748 Ο
1528 2713 1594 2747 399
1620 2724 1740 2747 serum

249 2769 316 2802 400
342 2779 457 2812 equos
480 2768 516 2803 B
607 2770 673 2803 402
697 2769 765 2803 tibi
791 2780 856 2804 cor
881 2780 964 2803 acre
1056 2771 1124 2803 404
1148 2770 1212 2803 uni
