1897 3171
772 192 814 227 V.
843 194 1033 228 509—521.
1563 200 1642 239 333

150 336 240 360 nam
271 323 420 368 omnia,
461 321 602 371 quibus
632 325 820 359 matronae
857 326 1043 369 utuntur,
1082 337 1204 373 nugas
1236 325 1363 362 voluit
1397 323 1639 375 appellari“;

151 394 235 428 tum
265 390 304 428 h.
334 403 371 427 v.
403 388 526 427 affert.
588 389 760 427 Plautini
800 390 911 428 codd.
949 390 1254 441 „nugigerulis“,
1295 392 1363 430 sed
1402 394 1502 430 illud
1544 407 1643 443 prae-

155 458 359 496 ferendum
384 457 553 495 videt-ur.
578 477 634 483 —--
656 468 722 495 res
752 454 890 496 soluta
921 460 1001 505 6815,
1033 472 1068 496 v.
1101 459 1162 497 ad.
1203 460 1311 498 Asin.
1346 463 1439 498 217.
1467 482 1521 486 -
1550 463 1642 499 518.

153 522 269 572 cedit,
300 539 336 563 v.
373 526 465 563 509.
503 545 559 551 —
598 535 684 572 czeS,
726 525 915 572 militare,
949 527 996 564 cf.
1031 528 1123 565 520.
1178 527 1297 565 Poen.
1335 530 1453 567 1290.
1517 529 1644 578 Vulgo

152 597 291 632 notum
322 597 382 630 est
412 606 464 630 aes
494 593 766 640 hordearium,
806 595 887 630 sive
925 596 1133 644 pecuniam
1174 609 1220 633 ex
1250 597 1408 645 publico
1442 597 1492 633 ad
1523 610 1645 646 equos

153 662 315 700 alendos
345 661 540 711 equitibus
572 662 722 708 datam,
766 663 927 711 antiquo
957 666 1134 712 tempore
1166 664 1224 700 ita
1254 664 1425 701 solutum
1459 677 1561 711 esse,
1601 669 1644 702 ut

153 729 354 780 equitibus
393 729 707 767 attribuerentur
744 730 873 767 viduae
913 734 952 767 et
989 731 1095 778 orbi,
1144 745 1221 781 quo
1259 733 1326 781 qui
1367 734 1443 781 ipsi
1484 736 1647 782 propter

153 811 286 836 sexum
319 801 387 835 aut
419 801 575 834 aetatem
605 798 777 835 militare
808 811 886 835 non
908 802 1083 848 possent,
1118 800 1318 850 stipendio
1343 814 1423 837 rem
1450 801 1646 850 publicam

152 867 347 903 iuvarent.
394 865 529 915 Neque
560 865 635 903 hoc
667 865 771 915 apud
800 865 995 903 Romanos
1026 868 1131 905 solos
1162 868 1312 905 factum
1341 875 1399 905 est
1431 867 1483 913 (v.
1511 869 1644 914 Liv.1,

154 935 220 981 43,
239 935 276 971 9.
308 933 412 970 Plut.
430 933 566 971 Camil.
586 935 622 980 2,
643 932 700 980 4),
733 933 801 970 sed
826 935 943 971 etiam
967 935 1072 984 apud
1089 935 1257 983 Graecos,
1291 940 1334 973 ut
1358 936 1404 973 de
1431 936 1646 974 Corinthiis

151 1006 327 1040 testatur
353 1001 500 1048 Cicero,
532 1001 629 1051 Rep.
655 1002 703 1047 II,
739 1003 802 1048 2Ο,
824 1003 886 1040 36.
933 1003 1088 1050 Postea,
1122 1017 1242 1053 quum
1268 1006 1385 1042 etiam
1418 1005 1568 1053 pedites
1600 1004 1648 1041 de

153 1070 310 1120 publico
350 1070 592 1119 stipendium
630 1071 853 1119 acciperent
893 1069 959 1118 (ab
992 1085 1094 1109 anno
1127 1086 1160 1110 a.
1194 1071 1283 1110 Chr.
1318 1073 1418 1117 406.
1463 1072 1549 1110 Liv.
1582 1073 1645 1109 IV.

157 1141 220 1185 59,
250 1135 331 1185 11),
357 1138 432 1175 hoc
454 1138 574 1175 simili
597 1138 712 1175 modo
741 1138 889 1175 civibus
914 1139 1218 1186 attribuebatur,
1252 1141 1318 1189 qui
1342 1140 1493 1177 tribuni
1518 1141 1647 1177 aerarii

154 1206 400 1252 dicebantur,
434 1219 469 1244 v.
501 1206 614 1243 Varr.
647 1206 691 1244 L.
725 1206 770 1243 L.
802 1206 847 1253 V,
885 1208 984 1244 181:
1038 1208 1109 1254 „ab
1141 1209 1313 1255 tributo,
1362 1209 1504 1258 quibus
1536 1210 1648 1245 attri-

152 1275 252 1313 buta
282 1278 367 1312 erat
397 1275 584 1324 pecunia,
625 1279 669 1311 ut
707 1274 826 1312 militi
867 1275 1054 1322 reddant,
1102 1276 1253 1314 tribuni
1285 1279 1414 1314 aerarii
1445 1277 1562 1324 dicti3
1608 1276 1649 1314 id

153 1343 262 1393 quod
291 1343 529 1380 attributum
561 1347 658 1389 erat,
693 1356 745 1380 aes
777 1343 960 1380 militare.
1014 1344 1098 1382 Hoc
1129 1349 1199 1391 est,
1235 1345 1340 1395 quod
1379 1346 1434 1382 ait
1463 1345 1647 1382 Plautus:

153 1411 268 1449 Cedit
296 1411 421 1457 miles,
454 1423 520 1447 aes
551 1409 693 1460 petit“.
755 1411 851 1448 Cato
885 1425 947 1461 ap.
981 1411 1080 1450 Gell.
1113 1413 1178 1460 VI,
1215 1415 1284 1452 10:
1323 1413 1649 1462 ..Pignoriscapio

153 1480 202 1517 ob
237 1493 300 1516 aes
330 1479 513 1526 militare,
547 1479 652 1528 quod
683 1492 747 1516 aes
779 1493 801 1516 a
824 1480 986 1518 tribuno
1016 1482 1169 1518 aerario
1194 1482 1304 1518 miles
1330 1482 1505 1530 accipere
1531 1480 1650 1517 debe-

152 1546 263 1585 bat“.
329 1547 568 1593 „Dicebatur
598 1545 753 1584 autem“
789 1550 844 1584 ait
876 1547 996 1585 Gaius
1027 1548 1159 1587 Instit.
1183 1549 1247 1595 IV,
1282 1551 1332 1586 27
1371 1562 1439 1595 „ea
1470 1549 1648 1598 pecunia,

154 1629 241 1666 quae
265 1615 455 1665 stipendii
477 1617 635 1652 nomine
662 1615 843 1662 dabatur,
873 1629 924 1653 aes
943 1616 1158 1663 militare‘⁴;
1191 1617 1374 1667 idemque
1391 1617 1510 1666 paulo
1537 1620 1649 1654 ante:

157 1689 345 1734 „propter
374 1682 614 1733 stipendium
644 1683 789 1720 licebat
820 1684 937 1720 militi
969 1684 1018 1721 ab
1051 1698 1107 1731 eo,
1149 1686 1217 1733 qui
1249 1698 1300 1722 aes
1331 1685 1542 1731 tribuebat,
1575 1686 1651 1722 nisi

154 1752 286 1799 daret,
325 1753 469 1801 pignus
501 1750 682 1800 capere·‘.
745 1750 801 1789 Cf.
835 1752 1007 1802 Madvig.
1041 1752 1112 1802 Op.
1147 1767 1202 1791 ac.
1234 1753 1282 1800 II,
1315 1767 1353 1803 p.
1388 1755 1467 1790 259
1501 1767 1557 1802 sq.
1596 1772 1652 1778 —

157 1822 249 1859 519.
287 1820 468 1868 putatur
505 1817 614 1857 rat-io
654 1819 770 1867 vulgo
813 1820 975 1867 dieitur,
1022 1834 1056 1858 v.
1091 1819 1218 1858 Oasin.
1255 1822 1346 1859 532.
1400 1820 1518 1858 Most.
1555 1822 1648 1858 293.

155 1888 264 1926 Trin.
298 1889 392 1925 417.
443 1887 527 1925 Cat.
560 1887 605 1924 R.
639 1887 684 1924 R.
718 1888 754 1934 2,
789 1888 824 1925 5.
881 1888 1037 1926 Terent.
1070 1889 1144 1926 Ad.
1179 1890 1270 1927 208.
1333 1888 1410 1926 Cic.
1445 1889 1494 1925 ad
1524 1889 1646 1926 Attic.

154 1956 219 2003 IV,
255 1957 317 2003 11,
353 1957 395 2002 13
443 1956 490 1993 cf.
529 1955 579 1992 ad
617 1956 758 2005 Amph.
795 1957 885 1994 586.
953 1957 1052 1994 Non.
1084 1971 1123 2006 p.
1159 1956 1259 1994 369:
1311 1957 1500 2004 „Putare,
1544 1956 1651 1994 colli-

155 2038 258 2074 gere,
292 2022 508 2070 conferre“,
541 2023 643 2061 hunc
674 2037 831 2060 versum
862 2024 987 2062 affert.
1019 2045 1065 2048 —
1109 2027 1200 2063 520.
1233 2022 1363 2063 M'z'les
1394 2022 1649 2074 impransus,

154 2092 228 2129 hoc
267 2091 405 2129 ordine
436 2091 569 2138 codd,
615 2098 660 2128 ut
702 2092 865 2139 „Miles³‘
911 2093 1090 2130 ultimam
1127 2093 1341 2143 producat,
1390 2093 1496 2142 quod
1534 2106 1652 2142 quum

155 2161 314 2198 minime
352 2161 436 2197 veri
475 2160 604 2197 simile
635 2161 706 2206 sit,
753 2159 950 2198 Camerar.
992 2162 1137 2210 aliique
1176 2162 1352 2198 ordinem
1389 2162 1650 2198 inverterunt.

156 2248 214 2254 —
259 2228 396 2266 censet
435 2225 549 2275 dari,
597 2230 621 2265 i.
659 2241 690 2266 e.
733 2228 867 2265 datum
905 2231 955 2265 iri
995 2233 1198 2278 expectat,
1245 2243 1280 2267 v.
1323 2229 1372 2267 ad
1409 2230 1519 2266 Asin.
1557 2230 1650 2265 439.

154 2317 212 2322 -—
245 2298 337 2334 521.
371 2293 592 2344 disputant,
626 2296 672 2333 cf.
700 2296 811 2334 Varr.
843 2297 886 2334 L.
915 2297 960 2334 L.
987 2297 1050 2345 VI,
1085 2298 1159 2334 63:
1196 2297 1450 2347 „Disputatio
1482 2301 1521 2333 et
1552 2309 1651 2332 com-

155 2367 312 2414 putatio
345 2378 367 2401 a
396 2363 575 2414 putando
608 2362 722 2411 etc.‘*,
764 2364 833 2401 sed
863 2365 1018 2414 vulgari
1050 2365 1354 2414 significatione,
1398 2378 1477 2402 non
1510 2364 1557 2400 de
1589 2376 1651 2400 ra-

155 2433 333 2470 tionibus
365 2431 628 2470 conficiendis.
703 2432 792 2469 Non
838 2433 937 2469 nihil
982 2433 1160 2480 offendit,
1212 2434 1317 2483 quod
1364 2435 1490 2470 exitus
1537 2432 1651 2468 huius

156 2514 293 2538 versus
331 2513 493 2550 prorsus
523 2500 627 2537 idem
659 2505 717 2537 est
749 2514 792 2537 ac
821 2514 856 2538 V.
878 2503 976 2547 5193
1010 2501 1115 2550 quod
1146 2506 1277 2538 autem
1304 2501 1471 2550 proximi
1497 2512 1652 2549 quoque

155 2569 296 2605 ultima
320 2582 397 2606 vox
427 2568 562 2605 eadem
587 2572 658 2614 est,
692 2570 777 2618 quis
802 2569 974 2606 tolerare
1001 2569 1161 2619 potest?
1192 2568 1360 2606 Accedit
1385 2567 1491 2616 quod
1516 2580 1652 2604 versus

161 2637 238 2674 522
270 2637 376 2673 iusto
406 2637 560 2686 longior
592 2640 672 2683 est,
720 2650 796 2686 qua
835 2637 882 2674 de
915 2651 1034 2675 causa
1063 2638 1179 2674 Both.
1212 2650 1295 2673 voc.
1332 2634 1484 2684 ..plus⁴',
1532 2634 1650 2672 XVeis.

157 2716 240 2742 voc.
285 2702 437 2751 „ultro“
473 2704 633 2741 delevit.
704 2704 970 2752 Camerarius,
1018 2706 1094 2742 nisi
1134 2705 1268 2749 fallor,
1317 2717 1426 2749 casu,
1474 2703 1579 2740 Brix.
1613 2707 1652 2740 et

158 2771 299 2819 VVagn.
341 2772 518 2810 consulto
557 2785 713 2810 versum
753 2773 979 2810 omiserunt.
1049 2772 1148 2809 Mihi
1189 2771 1349 2821 quidem
1394 2783 1527 2807 omnes
1572 2774 1652 2807 tres
