1854 3188
178 194 232 232 VI
826 190 1012 225 Praefatio.

177 318 253 357 Sed
292 319 431 357 horum
470 333 625 369 quoque
663 331 750 369 quae
791 321 1009 356 necessaria
1048 326 1159 366 sunt,
1206 321 1246 357 in
1286 321 1566 357 commentario
1610 322 1664 358 in·

177 392 399 429 venientur.
474 390 620 429 Fateor
658 391 800 440 igitur,
847 391 951 440 quod
989 392 1028 428 in
1066 393 1197 440 priore
1237 391 1435 428 volumine
1479 389 1534 441 (p.
1571 391 1665 429 154)

177 462 303 500 fassus
334 476 454 510 eram,
487 467 721 512 apparatum
752 464 930 500 criticum
963 463 1122 513 plenum
1147 476 1207 500 me
1233 476 1311 500 non
1336 462 1532 512 praebere;
1565 476 1664 510 eum,

178 535 246 583 qui
277 534 416 571 lectori
447 533 637 581 sufficiat,
678 533 852 583 praebere
891 547 949 571 me
989 533 1117 571 credo.
1192 534 1238 571 In
1269 534 1506 572 conferendo
1537 539 1667 572 autem

178 605 310 643 codice
340 605 371 642 B
403 606 436 642 si
468 605 562 655 quid
593 607 746 643 incuria
778 606 903 651 omisi,
937 606 1087 642 veniam
1113 619 1273 656 precor3
1307 605 1518 643 admodum
1544 607 1667 655 negli-

176 682 335 727 gentem
375 690 435 714 me
475 678 594 714 fuisse
635 690 712 715 non
752 677 886 723 credo,
933 690 1023 714 nam
1068 677 1173 727 quod
1217 678 1256 714 in
1301 677 1465 727 prologo
1504 678 1666 728 Amphi-

176 750 330 786 truonis
362 763 439 786 non
471 749 580 786 nulla
610 749 798 786 levissimi
831 750 1017 786 momenti
1049 748 1336 796 desiderantur,
1369 763 1413 786 ea
1444 750 1484 786 in
1514 749 1669 787 schedis

175 823 273 858 meis
311 825 465 867 extant,
512 820 579 858 sed
625 821 717 858 dum
763 820 897 858 eadem
936 823 1079 871 saepius
1117 824 1333 858 retractata
1368 821 1668 870 typothetarum

179 906 297 930 causa
326 892 617 939 describuntur,
651 892 890 930 exciderunt.

290 963 525 1002 Contextum
556 970 686 1002 autem
720 965 835 1002 edere
866 964 972 1002 volui
1003 977 1119 1013 quam
1150 963 1439 1011 fidelissimum,
1486 967 1511 1002 i.
1545 977 1577 1002 e.
1610 978 1665 1011 ea,

177 1049 263 1085 quae
294 1035 443 1073 tradita
473 1041 580 1083 sunt,
624 1038 681 1074 ita
713 1036 979 1084 exhibentem,
1018 1041 1079 1082 ut,
1121 1049 1374 1086 quaecumque
1405 1036 1668 1086 probabiliter

180 1107 381 1145 emendari
411 1112 594 1158 possent,
628 1110 942 1156 corrigerentur,
974 1107 1043 1145 ubi
1075 1108 1185 1145 nulla
1215 1115 1324 1146 certa
1355 1108 1579 1146 emendatio
1611 1109 1667 1145 in·

176 1184 294 1217 venta
324 1184 447 1227 esset,
489 1180 629 1217 vitium
666 1180 974 1229 relinqueretur,
1023 1179 1260 1217 emendandi
1301 1184 1463 1218 conatus
1494 1181 1535 1217 in
1567 1192 1667 1217 com-

175 1253 368 1289 mentario
414 1251 661 1289 afferrentur.
737 1252 939 1289 Eiusmodi
984 1252 1091 1289 locos
1138 1252 1310 1289 editores
1357 1265 1469 1290 cruce
1515 1253 1667 1301 signare

175 1324 313 1361 solent.
395 1322 478 1361 Hoc
516 1325 626 1373 signo
665 1337 757 1361 usus
797 1337 903 1370 sum,
951 1323 1018 1360 ubi
1062 1324 1149 1373 ipsa
1192 1325 1389 1361 sententia
1434 1328 1503 1362 aut
1547 1336 1669 1373 prava

176 1399 281 1433 esset
312 1399 381 1433 aut
410 1395 579 1445 intelligi
619 1409 697 1433 non
727 1400 882 1446 posset,
929 1396 998 1433 ubi
1029 1397 1225 1433 sententia
1256 1409 1368 1443 sana,
1401 1396 1556 1434 numeri
1586 1408 1668 1432 cor-

175 1469 283 1518 rupti
314 1467 560 1514 viderentur,
598 1481 677 1506 non
718 1469 852 1518 posui,
898 1481 989 1505 nam
1027 1468 1215 1505 leviorem
1244 1481 1329 1505 eam
1362 1466 1448 1505 dieo
1480 1467 1668 1516 deprava-

174 1541 334 1586 tionem,
367 1551 454 1589 quae
486 1542 690 1577 sententiae
721 1540 799 1577 loci
829 1553 908 1577 non
939 1544 1091 1577 noceat.
1152 1539 1395 1589 Quamquam
1420 1541 1460 1576 in
1483 1539 1545 1576 his
1570 1551 1666 1588 quo—

177 1625 252 1661 que
282 1613 315 1649 si
346 1625 424 1648 una
455 1611 590 1661 aliqua
620 1625 700 1649 non
731 1611 1004 1661 improbabilis
1030 1611 1264 1648 emendandi
1286 1614 1350 1649 via
1373 1611 1667 1657 ostendebatur,

176 1691 261 1721 eam
291 1684 374 1721 fere
404 1688 562 1721 secutus
594 1697 696 1730 sum,
744 1685 777 1720 si
816 1683 932 1732 plura
968 1683 1051 1720 fere
1084 1696 1194 1732 aeque
1225 1685 1309 1721 veri
1340 1683 1486 1720 similia
1516 1686 1669 1720 tentata

175 1759 298 1802 erant,
331 1755 508 1793 codicum
542 1758 779 1806 scripturam
810 1757 851 1792 in
881 1759 995 1792 textu
1018 1756 1145 1806 posui,
1179 1755 1474 1793 emendationes
1501 1755 1543 1791 in
1568 1767 1668 1792 com-

175 1829 411 1865 mentarium
442 1829 572 1875 reieci,
605 1827 818 1864 lectoribus
849 1827 1021 1875 eligendi
1052 1827 1197 1864 faciens
1227 1830 1483 1876 potestatem.
1530 1825 1670 1863 Multis

175 1899 249 1937 hoc
279 1899 529 1949 displicuisse
559 1899 695 1946 vide03
727 1912 796 1936 nec
828 1901 1047 1937 sententias
1078 1899 1179 1936 solas
1209 1912 1346 1936 verum
1378 1899 1499 1935 etiam
1529 1911 1666 1935 versus

175 1984 308 2009 omnes
349 1970 614 2008 emendandos
653 1983 735 2008 esse
777 1971 959 2009 clamant.
1036 1970 1149 2017 Quod
1194 1984 1315 2020 quum
1353 1970 1590 2008 Ritschelius
1631 1973 1669 2007 et

176 2044 258 2080 eius
291 2042 472 2093 discipuli
503 2043 633 2080 facere
666 2043 797 2079 conati
828 2048 957 2080 essent
989 2047 1028 2079 et
1059 2042 1108 2080 ad
1140 2043 1246 2091 leges
1278 2043 1459 2080 metricas
1490 2046 1530 2079 et
1560 2054 1669 2091 pros-

175 2115 307 2153 odicas
346 2127 448 2164 saepe
489 2114 698 2151 admodum
738 2114 876 2152 dubias
907 2114 1042 2152 Plauti
1072 2127 1207 2152 versus
1239 2117 1479 2164 exegissent,
1521 2118 1671 2151 tantam

176 2187 377 2224 hominum
416 2186 718 2223 admirationem
760 2191 798 2223 et
835 2190 987 2224 tantum
1019 2186 1199 2224 imitandi
1229 2187 1406 2224 studium
1437 2186 1669 2232 excitarunt,

175 2263 221 2296 ut
250 2259 323 2296 hoc
353 2271 473 2296 unum
503 2258 684 2308 plerique
717 2262 807 2295 ante
838 2259 969 2295 omnia
1001 2262 1238 2307 spectarent,
1272 2261 1311 2295 et
1341 2260 1571 2305 existerent,
1605 2259 1673 2307 qui

177 2332 218 2368 in
248 2330 390 2368 Plauto
423 2330 626 2367 metricam
657 2331 917 2379 quaestionem
947 2332 1117 2368 omnium
1143 2331 1311 2379 primam
1337 2334 1378 2368 et
1400 2330 1672 2380 gravissimam

178 2416 263 2441 esse
295 2402 485 2440 dicerent.
547 2400 632 2449 Ego
664 2402 833 2450 primum
865 2403 1119 2451 quaerendum
1146 2415 1230 2439 esse
1255 2401 1356 2449 dico,
1389 2401 1487 2451 quid
1510 2401 1672 2439 Plautus

177 2474 308 2512 dicere
338 2473 527 2520 voluerit,
562 2472 701 2510 deinde
735 2473 878 2521 quibus
909 2474 1059 2522 verbis,
1103 2477 1276 2511 extremo
1307 2474 1394 2512 loco
1427 2474 1571 2524 quibus
1602 2486 1672 2511 nu-

176 2548 295 2584 meris
341 2545 505 2591 dixerit;
552 2549 591 2582 et
629 2546 661 2581 si
702 2544 779 2582 duo
825 2546 959 2594 priora
1005 2546 1200 2595 explicata
1244 2550 1354 2592 sunt,
1404 2546 1521 2582 etiam
1562 2546 1595 2582 si
1634 2546 1674 2582 in

175 2619 297 2656 tertio
336 2617 533 2656 dubitatio
571 2620 712 2663 restet,
760 2616 810 2654 ad
848 2621 1005 2667 tempus
1045 2617 1369 2670 acquiescendum
1401 2617 1596 2664 arbitror3
1643 2618 1675 2654 si

178 2691 256 2729 illis
302 2689 475 2727 nondum
516 2688 720 2739 explicatis
766 2690 931 2725 tertium
971 2689 1222 2736 emendatur,
1269 2689 1384 2727 valde
1422 2702 1581 2736 vereor,
1627 2702 1675 2727 ne

178 2775 280 2799 vana
308 2761 552 2811 integritatis
585 2761 715 2811 specie
748 2759 939 2798 fallamur.
993 2761 1038 2798 In
1070 2762 1155 2811 ipsa
1185 2765 1268 2798 arte
1295 2762 1433 2799 critica
1455 2760 1676 2799 exercenda
