1897 3171
213 178 292 218 226
899 173 1023 208 Plauti
1478 172 1505 215 Ι,
1520 174 1551 215 3,
1569 173 1706 208 15—27

779 299 1144 340 Phaedromus

214 371 346 413 Recte
375 370 591 424 obiurgat3
623 384 724 412 sane
751 371 871 412 haud
902 370 1194 423 quidquamst‚
1227 370 1362 422 magis
1394 369 1506 422 quod
1532 369 1702 423 cupiam

1162 442 1247 483 iam
1279 441 1364 482 diu.

803 527 1110 569 Planesium

215 599 329 642 Tene
362 614 439 645 me*
474 601 735 655 amplectere
768 614 882 654 ergo.

778 697 1145 739 Phaedromus

623 770 715 811 Hoc
746 771 930 821 etiamst,
965 783 1095 823 quam
1128 769 1180 811 ob
1212 783 1304 810 rem
1337 769 1509 823 cupiam
1539 769 1703 811 uiuere.

216 840 326 891 Quia
356 846 399 883 te
430 842 631 896 prohibet
663 856 771 893 erus7
807 842 916 883 clam
949 842 1103 896 potior.

808 941 839 981 P
850 940 863 981 1
875 954 936 981 an
948 955 969 981 e
982 954 1000 981 s
1012 940 1024 980 i
1035 954 1062 980 u
1073 954 1113 980 m

929 1011 1164 1053 Prohibet?
1232 1010 1322 1051 Nec
1353 1010 1581 1065 prohibere
1614 1012 1707 1064 quit

215 1084 304 1125 Nec
322 1083 581 1138 prohibebit,
605 1085 689 1125 nisi
716 1098 830 1126 mors
851 1098 993 1125 meum
1011 1084 1201 1124 animum
1220 1082 1296 1124 abs
1313 1086 1355 1123 te
1373 1081 1704 1124 abalienauerit.

817 1186 848 1226 P
863 1186 1008 1227 alinu
1018 1200 1076 1227 ru
1088 1199 1106 1226 s

214 1259 443 1300 Enimuero
468 1272 635 1311 nequeo
663 1258 833 1309 durare,
860 1258 963 1311 quin
990 1271 1066 1311 ego
1093 1270 1211 1298 erum
1237 1270 1436 1298 accusem
1459 1271 1613 1298 meum.
1643 1267 1714 1302 175>

216 1330 326 1372 Nam
357 1330 559 1372 bonumst
590 1330 829 1384 pauxillum
862 1343 1008 1370 amare
1043 1343 1159 1379 sane,
1192 1329 1340 1370 insane
1372 1343 1456 1370 non
1484 1328 1706 1381 bonumst3

216 1402 378 1445 Uerum
404 1406 543 1444 totum
567 1402 767 1444 insanum
799 1415 945 1443 amare
971 1401 1052 1442 hoc
1078 1406 1153 1452 est,
1181 1401 1296 1453 quod
1320 1414 1436 1442 meus
1462 1415 1560 1442 erus
1589 1398 1704 1442 iacit.

782 1503 1148 1544 Phaedromus

217 1577 307 1619 Sibi
340 1590 418 1618 sua
448 1576 640 1617 habeant
670 1589 802 1629 regna
834 1588 968 1627 reges,
1003 1575 1085 1616 sibi
1119 1575 1294 1616 diuitias
1328 1574 1499 1625 diuites,

217 1649 309 1691 Sibi
340 1649 537 1695 honores,
572 1647 653 1689 sibi
686 1648 887 1698 uirtutes,
922 1647 1003 1688 sibi
1036 1661 1209 1700 pugnas,
1244 1647 1326 1688 sibi
1358 1646 1541 1700 proelia3

216 1722 327 1762 Dum
361 1720 464 1762 mihi
498 1720 745 1762 abstineant
778 1718 986 1768 inuidere,
1025 1718 1106 1760 sibi
1141 1719 1323 1773 quisque
1355 1718 1555 1769 habeant,
1589 1717 1707 1771 quod

1171 1794 1352 1832 suumst.
1644 1800 1710 1833 180

816 1885 1105 1926 Palinurus

218 1958 331 2008 Quid
362 1959 438 2000 tu?
499 1958 688 2001 Uenerin
720 1957 980 2011 peruigilare
1013 1961 1055 1997 te
1087 1956 1262 2005 uouisti,
1294 1955 1592 1997 Phaedrome?

215 2031 326 2072 Nam
356 2030 435 2073 hoc
468 2030 637 2084 quidem
671 2027 823 2082 edepol
855 2029 971 2069 haud
1005 2027 1138 2069 multo
1171 2033 1267 2082 post
1298 2028 1393 2069 luce
1424 2027 1597 2069 lucebit.

780 2130 1140 2172 Phaedromus

1577 2200 1703 2242 Tace.

818 2286 1105 2328 Palinurus

217 2359 340 2411 Quid,
371 2358 566 2401 taceam?
629 2356 739 2407 Quin
771 2362 820 2399 tu
851 2359 886 2399 is
919 2358 1177 2399 dormitum?

779 2459 1147 2501 Phaedromus

1122 2530 1319 2583 Dormio3
1351 2543 1405 2571 ne
1438 2528 1705 2571 occlamites.

308 2702 368 2734 171
396 2704 460 2734 aut
586 2703 662 2734 tam
788 2701 849 2734 173
887 2699 977 2733 clam
1007 2711 1068 2734 ero
1093 2699 1232 2744 potior.
1261 2697 1401 2733 PLAN.
1431 2697 1610 2731 Prohibet
1634 2707 1704 2730 nec

218 2759 281 2791 178
306 2757 439 2792 diuicia
1607 2752 1610 2755 ⁴
