1854 3188
167 202 234 246 III,
247 204 280 246 4,
293 203 450 237 90—100
843 202 867 236 C
872 203 997 247 aptiui.
1584 209 1601 247 1
1609 209 1632 247 S
1641 210 1659 247 1

830 328 995 382 Hegio

1300 401 1407 453 Eho,
1442 403 1509 444 dic
1542 403 1666 455 mihi,

169 471 274 522 Quis
305 471 394 513 illic
423 472 557 525 igitur
588 473 683 514 est‘?

705 566 1128 620 Aristophontes

739 637 873 688 Quem
905 638 1067 680 dudum
1101 639 1190 680 dixi
1222 654 1247 680 a.
1279 641 1492 695 principio
1525 641 1617 683 tibi.

165 710 260 753 Hoc
291 711 326 752 si
357 724 478 752 secus
511 711 713 765 reperies,
745 709 908 751 nullam
940 724 1115 752 causam
1148 712 1255 763 dico,
1290 713 1392 765 quin
1425 713 1530 754 mihi

164 783 221 824 Et
251 787 480 837 parentum
512 786 555 824 et
585 782 803 824 libertatis
837 783 952 836 apud
983 786 1024 824 te
1058 783 1246 839 deliquio
1281 785 1374 827 siet.
1595 797 1662 831 620

831 877 996 930 Hegio

169 949 282 999 Quid
312 952 360 991 tu
392 949 486 991 ais‘?

771 1032 1051 1087 Tyndarus

368 1104 436 1145 Me
468 1109 590 1146 tuum
622 1118 711 1146 esse
747 1119 917 1146 seruom
950 1110 991 1147 et
1024 1111 1065 1148 te
1098 1121 1238 1148 meum
1272 1122 1405 1149 erum.

826 1201 866 1242 H
876 1214 897 1241 e
909 1201 991 1254 gio

1236 1273 1364 1316 Haud
1395 1276 1509 1317 istuc
1540 1290 1658 1330 rogo.

161 1342 332 1384 Fuistin
361 1342 472 1384 liber
484 1343 503 1383 ἱ)

774 1431 806 1472 T
818 1446 843 1485 y
853 1445 881 1472 n
892 1431 919 1473 d
929 1445 953 1473 a
962 1446 1021 1473 ru
1032 1446 1050 1473 s

544 1502 635 1544 Fui.

702 1589 992 1645 Aristopho
1006 1596 1124 1633 ntes

671 1661 901 1704 Enimuero
933 1677 1019 1704 non
1049 1663 1131 1705 suit
1143 1680 1150 1715 3
1182 1678 1319 1718 nugas
1350 1665 1452 1718 agit.

770 1757 1050 1812 Tyndarus

163 1825 245 1875 Qui
275 1831 323 1868 tu
357 1828 470 1869 scis?
514 1827 581 1869 An
612 1832 659 1870 tu
689 1827 876 1871 fortasse
907 1830 1029 1872 fuisti
1062 1845 1182 1873 meae
1215 1832 1343 1873 matri
1375 1832 1599 1882 obstet1²iX‚

162 1898 245 1948 Qui
275 1899 320 1940 id
350 1903 440 1940 tam
471 1899 681 1942 audacter
713 1901 857 1943 dicere
890 1902 1054 1944 audes?

700 2008 1124 2063 Aristophontes

1121 2082 1309 2124 Puerum
1341 2086 1383 2124 te
1414 2082 1505 2124 uidi
1537 2097 1657 2136 puer.

769 2166 1048 2222 Tyndarus

160 2235 218 2277 At
249 2250 326 2290 ego
358 2242 400 2278 te
432 2237 560 2279 uideo
593 2239 732 2280 maior
762 2241 982 2281 maiorem.
1043 2241 1122 2282 Em
1154 2256 1327 2284 rursum
1358 2242 1451 2284 tibi.
1592 2253 1658 2287 625

158 2307 301 2350 Meam
330 2323 422 2350 rem
452 2323 539 2351 non
570 2324 709 2362 cures,
743 2312 777 2352 si
808 2316 926 2353 recte
958 2312 1109 2365 facias3
1140 2328 1245 2355 num
1270 2328 1347 2367 ego
1374 2328 1475 2356 euro
1507 2314 1658 2355 tuam?

823 2418 862 2459 H
873 2432 894 2459 e
907 2433 932 2472 g
942 2419 955 2459 i
966 2433 989 2460 0

157 2486 313 2529 Fuitne
345 2487 446 2529 huic
478 2493 605 2542 pater
637 2489 1400 2546 Thensaurochrysonieochrysides⁵?

247 2671 314 2705 620
326 2670 388 2705 fiet
454 2673 518 2706 621
545 2673 653 2707 Haud
677 2674 770 2709 istuc
797 2686 889 2719 rogo
911 2678 1073 2719 proiuz'ml
1098 2687 1224 2711 uersus
1243 2677 1466 2719 principium
1494 2675 1649 2717 facizmt.

157 2727 224 2760 6:24
249 2726 316 2770 Qui
342 2727 380 2761 id
405 2732 481 2762 tam
505 2731 687 2773 superiori
710 2733 832 2766 uersuc'
854 2733 1047 2768 adduntur.
1108 2735 1173 2767 626
1200 2744 1314 2766 meam
1342 2743 1418 2766 rem
1445 2733 1536 2766 ι’ίσηι,
1588 2733 1654 2766 627

157 2781 290 2817 Fuitne
315 2784 399 2818 huic
427 2786 516 2820 item.
