1897 3171
747 203 788 238 V.
818 206 1008 239 809—817.
1544 212 1623 250 509

133 333 307 370 Brixius'
330 333 596 383 amplectitur.
636 353 690 358 --
730 334 822 371 812.
870 330 996 372 Lami
1025 335 1063 372 h.
1097 336 1120 372 l.
1154 350 1232 374 non
1273 339 1301 373 ii
1341 337 1623 386 significantur,

131 402 201 450 qui
239 414 308 439 sua
346 414 464 438 manu
505 402 690 439 animalia
729 402 901 449 caedunt,
949 402 1015 439 secl
1059 406 1126 452 qui
1165 417 1317 440 carnem
1363 405 1540 442 vendunt
1585 407 1626 442 in

131 469 312 516 lanienis,
346 469 392 507 cf.
420 470 668 517 Phaedr.111‚
695 471 731 516 4,
762 471 802 506 1;
840 469 1041 516 „Pendere
1074 471 1121 507 ad
1153 472 1301 510 lanium
1334 473 1492 522 quidam
1524 474 1626 511 vidit

132 535 327 575 simiam“.
387 538 504 574 Vivas
537 551 641 587 saepe
672 539 851 574 victimas
883 551 947 574 eos
979 539 1203 577 vendidisse
1234 542 1422 587 videmus,
1458 542 1502 578 cf.
1535 542 1624 579 Aul.

135 606 233 652 557,
273 605 341 642 sed
381 610 426 643 ut
457 603 677 644 coedendas
709 609 776 642 aut
805 606 883 655 ipsi
915 611 1100 643 curarent
1131 612 1198 644 aut
1229 609 1316 645 aliis
1348 606 1537 647 locarent.
1570 630 1625 635 —

132 671 397 720 concinnant,
430 676 454 712 i.
488 687 520 712 e.
553 674 744 720 reddunt,
786 687 821 712 v,
858 675 949 712 596.
1018 675 1224 712 Parasitus
1255 690 1331 714 non
1362 678 1400 714 id
1435 680 1623 727 queritur,

133 742 238 791 quod
270 743 360 791 agni
392 742 530 780 ovibus
563 744 802 793 eripiuntur,
845 756 932 779 nam
971 743 1100 780 mollis
1133 745 1275 791 agnina
1308 747 1343 782 ei
1374 746 1627 783 vehementer

130 810 328 858 placebat,
373 811 443 847 sed
484 810 587 859 quod
626 811 723 854 lanii
764 816 959 861 emptores
1002 811 1229 860 deciperent
1262 817 1299 849 et
1333 827 1449 862 quum
1484 828 1625 863 agnum

133 878 277 915 bonum
304 878 576 916 vendidissent
603 884 641 915 et
669 879 893 916 caedendum
918 879 1125 925 locassent,
1159 882 1241 917 eius
1266 881 1349 918 loco
1378 881 1624 929 deteriorem,

133 948 360 984 autminus
391 949 574 997 pinguem
615 951 683 984 aut
723 951 837 984 aetate
876 949 1084 994 maiorem,
1128 949 1427 986 substituerent.
1496 950 1627 988 Etiam

132 1014 271 1052 Pseud.
309 1017 386 1053 196
418 1015 525 1052 fraus
556 1016 748 1053 laniorum
780 1017 970 1063 tangitur.
1034 1016 1110 1054 Sed
1140 1031 1231 1054 num
1264 1018 1355 1053 talis
1389 1031 1478 1055 caro
1504 1015 1626 1066 (Implet

131 1081 287 1132 aymfna
319 1085 511 1134 appellari
542 1086 682 1134 possit,
716 1084 968 1121 vehementer
1000 1085 1150 1122 dubito.
1206 1086 1331 1122 Ekius
1358 1086 1512 1136 quidem
1542 1100 1626 1124 cum

131 1153 304 1200 antiquis
335 1152 620 1201 interpretibus
650 1165 804 1189 carnem
838 1153 1027 1202 intelligit
1055 1153 1213 1203 duplam
1239 1154 1449 1191 habentem
1475 1157 1627 1201 aguinae

129 1223 308 1267 aetatem3
355 1221 422 1257 sed
461 1221 534 1258 hoc
577 1226 617 1257 et
657 1221 861 1258 obscurius
901 1221 1048 1259 dictum
1092 1226 1193 1259 esset
1230 1236 1299 1259 nec
1329 1224 1494 1273 parasiti
1527 1228 1629 1261 esset

131 1289 313 1335 agninam
331 1288 450 1326 talem
469 1303 624 1326 carnem
651 1289 800 1335 dicei-03
833 1289 930 1326 mihi
956 1303 1067 1327 error
1090 1290 1243 1327 librarii
1271 1291 1427 1328 subesse
1451 1292 1626 1338 videtur3

131 1352 300 1394 dubiam
331 1358 490 1406 scripsi,
522 1359 547 1395 i.
582 1371 613 1395 e.
647 1357 694 1394 de
726 1371 802 1406 qua
835 1357 1049 1404 dubitetur,
1082 1363 1213 1396 utrum
1247 1361 1336 1408 agni
1368 1373 1416 1396 an
1448 1362 1530 1396 ovis
1562 1362 1625 1407 sit,

130 1425 178 1461 of.
225 1438 345 1471 „cena
392 1425 534 1463 dubia“
585 1427 673 1464 Ter.
716 1425 873 1462 Phorm.
919 1427 1018 1473 342,
1067 1428 1155 1464 alia.
1240 1428 1405 1464 Bothius
1456 1425 1624 1478 „duplo“

130 1493 306 1543 scripsit,
354 1493 513 1531 Rostius
562 1494 704 1544 Opusc.
747 1494 783 1540 I,
824 1508 862 1544 p.
904 1496 952 1531 41
1002 1495 1187 1545 „dupla''',
1237 1509 1401 1545 eumque
1447 1497 1628 1546 plerique

131 1562 255 1598 secuti
287 1566 388 1609 sunt,
420 1563 493 1600 hoc
525 1568 654 1600 autem
690 1563 834 1613 „duplo
866 1562 1019 1613 pretio“
1056 1563 1278 1610 significare
1309 1565 1457 1610 volunt,
1491 1569 1535 1601 ut
1565 1565 1627 1602 hic

133 1631 186 1665 sit
212 1630 289 1667 loci
315 1643 471 1667 sensus:
509 1631 735 1680 „Spondent
768 1632 863 1668 lanii
895 1645 935 1668 se
966 1631 1039 1668 tibi
1071 1645 1238 1669 caesuros
1271 1645 1353 1668 esse
1386 1646 1505 1681 agnos
1538 1646 1626 1670 suos

132 1702 241 1734 certo
271 1700 412 1748 pretio,
447 1713 532 1736 cum
563 1713 656 1736 vero
689 1713 806 1737 caesos
839 1699 1044 1746 exhibent,
1085 1699 1244 1749 duplum
1286 1701 1456 1749 pretium
1497 1705 1627 1749 postu-

130 1764 256 1813 lant“,
276 1768 387 1816 quasi
403 1769 569 1817 parasiti
595 1769 810 1818 quidquam
834 1769 1010 1814 referret,
1038 1781 1113 1817 quo
1139 1769 1267 1816 pretio
1293 1782 1387 1805 cena
1411 1774 1626 1816 constaret3

131 1835 249 1870 immo
280 1837 315 1872 is
344 1849 464 1873 unum
505 1840 676 1886 spectat,
725 1850 839 1886 quam
880 1837 1008 1873 mollis
1048 1840 1087 1872 et
1128 1836 1297 1873 iucunda
1338 1838 1399 1874 sit.
1435 1857 1483 1862 —-
1534 1839 1626 1875 814.

131 1902 257 1940 Iidem
287 1903 383 1940 lanii
408 1905 614 1953 petrones,
646 1907 672 1943 i.
700 1920 730 1944 e.
757 1909 906 1943 veteres
939 1905 1079 1941 arietes
1113 1901 1191 1954 (ap.
1211 1905 1316 1942 Fest.
1334 1919 1372 1954 p.
1393 1905 1494 1943 206:
1533 1906 1627 1949 ..Pe-

132 1974 266 2008 trones
283 1974 424 2009 rustici
450 1973 532 2011 fere.
549 1973 735 2011 dicuntur
753 1977 916 2023 propter
932 1975 1192 2009 vetustatem*
1215 1974 1344 2010 nescio
1363 1987 1411 2010 an
1432 1972 1624 2021 ,‚arietes“

132 2041 289 2077 rusticis
308 2042 388 2078 sint
405 2040 687 2088 substituendi)
715 2055 787 2091 pro
806 2038 1047 2080 ueruecibus
1069 2039 1256 2079 sectariis
1274 2041 1470 2078 exhibent.
1518 2041 1628 2078 Festi

132 2107 240 2156 Epit.
267 2122 306 2158 p.
328 2110 427 2146 336:
466 2109 688 2155 „Sectarius
713 2123 883 2155 ueruex,
918 2113 984 2159 qui
1011 2121 1167 2157 gregem
1194 2122 1380 2157 agnorum
1406 2110 1628 2158 praecedens

135 2174 289 2223 ducit“,
322 2178 436 2223 male,
464 2191 552 2214 nam
586 2185 620 2214 et
652 2181 766 2225 aries,
798 2192 876 2215 non
900 2192 1043 2215 vervex
1068 2191 1223 2227 gregem
1253 2178 1379 2224 ducit,
1414 2192 1481 2214 nec
1507 2184 1627 2215 secta-

133 2245 228 2291 rius,
260 2247 293 2282 si
320 2258 342 2281 a
366 2246 567 2294 sequendo
593 2246 813 2292 duceretur,
848 2246 984 2283 ducem
1011 2246 1079 2283 sed
1110 2251 1344 2283 sectatorem
1377 2245 1625 2293 significaret.

133 2312 314 2362 Apparet
345 2327 367 2350 a
399 2314 566 2351 secando
598 2315 820 2351 derivatum
852 2328 949 2360 esse,
983 2320 1027 2351 ut
1059 2318 1110 2352 sit
1142 2320 1270 2351 sectus
1301 2317 1326 2351 i.
1354 2328 1385 2350 e.
1420 2319 1626 2351 castratus,

133 2399 190 2403 —
222 2382 314 2418 815.
347 2378 470 2428 Eum,
504 2396 539 2420 V.
567 2383 615 2419 ad
639 2397 674 2420 V.
704 2383 796 2420 807.
829 2402 884 2407 —
917 2384 1009 2420 816.
1042 2379 1286 2420 ’νηονΐαίῐόιις
1317 2382 1479 2418 ridicule
1511 2384 1626 2418 etiam

132 2451 336 2498 petronem
369 2450 611 2488 adnumerat.
637 2471 694 2475 —
726 2452 819 2489 817.
852 2451 949 2487 Post
972 2447 1159 2499 Euyepoe
1184 2451 1324 2487 hiatur.
1373 2446 1435 2486 MC
1466 2447 1626 2498 quidem

133 2518 382 2567 transposui,
430 2532 477 2555 ne
518 2522 709 2568 septimus
750 2533 819 2570 pes
860 2520 1035 2568 dactylus
1069 2524 1180 2555 esset.
1256 2517 1380 2567 Gepp.
1418 2516 1623 2566 „quidem‘²

134 2584 305 2631 delebat,
339 2585 398 2623 Fl.
422 2585 575 2634 „Euget
610 2587 827 2624 edictiones
856 2588 1055 2624 aedilicias
1076 2584 1175 2634 [pol]
1195 2586 1313 2622 habet
1340 2585 1402 2622 hic
1426 2584 1626 2633 quidem‘'.

133 2652 199 2690 ΒΓ.
230 2666 386 2691 versum
418 2656 594 2703 spurium
625 2655 783 2702 habuit,
824 2669 860 2692 v.
895 2655 945 2691 ad
979 2656 1077 2700 8053
1124 2654 1192 2690 sed
1223 2653 1295 2690 hoc
1326 2655 1468 2690 omisso
1499 2655 1627 2702 proxi-

133 2733 240 2758 mum
271 2721 439 2759 Romani
469 2722 646 2760 homines
676 2724 741 2760 vix
773 2724 1055 2772 intelligerent.
1127 2718 1291 2758 AEdv'lis
1330 2724 1414 2757 erat
1454 2721 1500 2757 de
1543 2722 1628 2758 foro

131 2793 174 2826 et
204 2791 381 2837 macello,
416 2790 463 2827 de
491 2804 606 2828 carne
633 2794 673 2827 et
698 2791 869 2839 piscibus
895 2791 1059 2838 aliisque
1084 2789 1200 2825 rebus
1223 2789 1438 2825 vendendis
1465 2789 1631 2836 edicere,
