1854 3188
162 207 229 253 IV,
246 210 278 252 9,
296 208 473 243 139-—152
802 207 1016 241 Bacchides.
1569 211 1646 250 129

759 331 795 374 N
804 331 1050 374 icobulus

649 403 765 459 Cape
795 418 922 456 uero3
955 403 1102 445 odiose
1132 403 1249 446 facis.

760 474 1052 530 Chrysalus

156 547 257 590 Non
289 548 488 602 equidem
519 549 699 603 capiam.

757 619 1051 662 Nicobulus

716 693 773 733 At
803 705 980 746 quaeso.

760 761 1052 818 Chrysalus

970 834 1090 887 Dico,
1120 839 1168 877 ut
1198 849 1267 877 res
1300 849 1345 877 se
1375 834 1521 877 habet.
1565 845 1653 879 1060

760 906 1055 949 Nicobulus

157 977 342 1021 Morare.

758 1050 1053 1106 Chrysalus

379 1176 384 1184 .
418 1121 542 1174 Nolo,
574 1123 763 1176 inquam,
797 1137 948 1164 aurum
980 1122 1181 1165 concredi
1213 1121 1331 1164 mihi.

159 1194 241 1237 Uel
273 1194 328 1237 da
358 1194 561 1248 aliquem,
594 1194 667 1248 qui
700 1199 843 1236 seruet
874 1209 953 1237 me.

754 1266 1056 1309 Nicobulus

992 1337 1096 1389 Ohe,
1128 1338 1275 1380 odiose
1306 1337 1425 1380 facis.

761 1410 1056 1465 Chrysalus

158 1481 290 1534 Cedo,
322 1482 358 1523 si
388 1486 619 1524 necessest.

757 1553 795 1595 N
806 1554 1058 1595 icobulus

685 1623 800 1666 Cura
830 1625 932 1677 h0c3
964 1626 1050 1667 iam
1082 1639 1159 1680 ego
1191 1625 1275 1666 huc
1304 1638 1527 1668 reuenero.
1557 1648 1613 1654 —

767 1696 1057 1750 Chrysalus

164 1768 417 1811 Curatumst
448 1783 543 1811 esse
575 1773 617 1810 te
651 1783 798 1810 senem
828 1770 1143 1810 miserrumum.

164 1840 258 1882 Hoc
289 1846 355 1883 est
384 1842 556 1895 incepta
588 1841 764 1882 ecficere
797 1841 964 1895 pulcre:
998 1841 1067 1882 uel
1099 1841 1165 1882 uti
1195 1839 1299 1881 mihi
1571 1850 1658 1885 1065

162 1913 334 1965 Euenit,
365 1916 414 1954 ut
445 1926 582 1954 ouans
613 1913 777 1967 praeda
808 1918 989 1955 onustus
1021 1913 1278 1954 incederem.

164 1984 314 2027 Salute
345 1988 493 2026 nostra
523 1988 653 2038 atque
684 1984 792 2026 urbe
824 1990 954 2039 capta
988 1999 1064 2039 per
1097 1984 1243 2027 dolum

163 2058 348 2099 Domum
377 2057 539 2099 reduco
571 2058 786 2110 integrum
818 2071 986 2099 omnem
1018 2057 1267 2098 exercitum.

167 2128 264 2180 Sed,
296 2134 575 2183 spectatores,
607 2143 685 2171 uos
719 2142 831 2170 nunc
862 2143 915 2171 ne
946 2129 1171 2179 miremini,

165 2200 290 2251 Quod
320 2215 406 2243 non
436 2200 676 2254 triumpho;
707 2200 1065 2254 peruolgatumst,
1097 2200 1207 2242 nihil
1238 2213 1402 2251 moror,
1573 2209 1659 2242 1070

165 2271 330 2314 Uerum
360 2276 506 2314 tamen
537 2272 808 2326 accipientur
838 2272 979 2314 mulso
1012 2272 1182 2314 milites.

164 2344 289 2386 Nunc
318 2344 430 2386 hanc
460 2344 668 2398 praedam
701 2358 872 2387 omnem
903 2346 989 2385 iam
1020 2344 1075 2385 ad
1107 2349 1382 2398 quaestorem
1416 2341 1619 2384 deferam.

262 2777 348 2810 1062
377 2776 444 2812 Uel
469 2776 515 2811 da
541 2776 700 2820 aliquem
726 2776 785 2820 qui
812 2787 870 2810 me
897 2781 1019 2810 seruet
1044 2775 1078 2810 Β
1088 2788 1094 2818 3
1124 2773 1155 2810 C
1176 2784 1238 2809 om.
