1897 3171
254 193 305 232 27
312 194 334 232 6
902 186 1099 221 Aulularia.

256 318 426 367 „alicubi
456 319 495 354 in
527 317 605 353 solo
638 316 808 353 abstrusi
840 314 967 353 loco“.
1007 316 1059 353 ib.
1097 316 1219 352 1007:
1267 314 1330 359 „in
1363 313 1523 350 cerebro
1556 312 1741 362 colaphos

253 386 480 423 abstrudam
517 383 628 422 tu0“.
672 404 719 408 —
761 386 797 421 7.
844 384 939 421 Post
980 379 1042 420 Re
1080 374 1230 428 hiatus3
1276 380 1432 418 Muller.
1473 378 1737 429 „inspectata“

254 453 488 502 corrigebat.
514 472 568 478 --
599 454 635 490 8.
668 449 814 500 surpit,
846 465 881 489 V.
916 451 1070 498 Proleg.
1103 463 1141 500 p.
1177 451 1269 487 210.
1295 469 1350 474 -
1379 445 1476 494 illie,
1511 447 1741 497 Lyconides.

253 532 351 568 rem,
384 523 602 570 pecuniam.
628 540 683 545 —
708 522 743 558 9.
775 516 874 569 filio,
909 520 1016 556 cuius
1048 520 1132 568 ipse
1163 520 1278 566 pater
1311 521 1407 554 erat.
1465 516 1521 553 De
1558 515 1606 563 et,
1639 515 1744 565 quod

255 589 465 635 antecedit,
498 588 576 626 vid.
610 588 658 625 ad
690 589 798 625 Asin.
835 589 925 624 564.

875 881 1129 924 Prologum

256 988 472 1025 Aululariae
503 989 544 1024 in
576 986 868 1033 prolegomenis
900 996 937 1032 p.
976 983 1050 1019 162
1085 983 1132 1019 iis
1165 981 1527 1027 adnumeravimus,
1570 993 1666 1030 quos
1699 980 1744 1017 ab

257 1058 344 1105 ipso
390 1055 530 1092 Plauto
577 1053 802 1091 abiudicare
848 1063 924 1088 non
970 1049 1167 1087 audemus.
1252 1049 1367 1086 Parvi
1413 1050 1515 1087 enim
1562 1050 1748 1086 momenti

258 1123 427 1169 videtur,
461 1122 567 1172 quod
599 1121 796 1168 Wagnero
828 1118 1053 1168 scrupulum
1084 1119 1216 1163 movit,
1250 1117 1435 1167 prosodia
1465 1119 1573 1155 vocis
1603 1130 1747 1163 „auon-

259 1190 376 1236 culi‘²,
425 1204 510 1240 quae
550 1191 591 1227 in
628 1188 781 1238 prologi
812 1201 847 1225 v.
883 1188 933 1224 35
967 1186 1133 1223 alteram
1164 1186 1320 1233 longam
1352 1185 1490 1231 habet,
1538 1186 1577 1222 in
1619 1190 1746 1222 cetera

258 1259 409 1305 fabula,
459 1260 551 1295 677.
592 1258 686 1294 771.
728 1256 826 1301 792,
875 1254 1055 1301 brevem,
1105 1254 1151 1291 cf.
1191 1253 1343 1301 Proleg.
1384 1267 1420 1303 p.
1456 1254 1534 1291 203
1577 1257 1615 1290 et
1656 1254 1749 1290 214.

261 1326 375 1373 Quod
407 1329 536 1363 autem
574 1323 726 1376 prologi
765 1327 900 1373 partes
932 1324 1013 1372 agit
1045 1322 1122 1359 Lar
1153 1322 1377 1367 familiaris,
1417 1323 1457 1358 in
1489 1322 1597 1359 cuius
1627 1322 1751 1358 tutela

260 1394 397 1432 domus
429 1393 630 1431 Euclionis
664 1396 740 1433 est,
788 1390 893 1440 apud
925 1390 1104 1428 Graecum
1142 1394 1300 1439 poetam
1333 1391 1364 1427 si
1397 1390 1533 1426 similis
1567 1390 1752 1439 prologus

261 1463 354 1508 fuit,
404 1462 500 1499 alius
534 1461 596 1498 dei
627 1473 784 1497 necesse
815 1462 872 1496 est
904 1458 1025 1496 fuerit
1057 1458 1203 1504 oratio,
1243 1458 1351 1495 velut
1383 1458 1592 1503 Mercurii,
1643 1460 1752 1495 cuius

261 1529 452 1567 beneficio
478 1529 654 1575 debetur,
680 1525 872 1577 quidquid
896 1530 1041 1575 praeter
1067 1527 1288 1575 opinionem
1314 1527 1534 1575 acquiritur
1559 1523 1750 1574 (ἕρμαιον),

261 1603 304 1635 ut
345 1597 583 1643 Francken,
631 1601 699 1633 aut
744 1597 836 1631 θεοῦ
875 1595 1039 1631 alicuius
1081 1595 1267 1642 πατρώου,
1314 1598 1359 1631 ut
1397 1594 1580 1642 Wagner.
1615 1594 1755 1631 voluit.

263 1665 424 1716 Prologi
455 1669 635 1702 ornatum
666 1664 787 1701 fuisse
813 1662 1048 1700 crediderim
1074 1663 1109 1699 ei
1134 1663 1313 1709 similem,
1348 1676 1424 1712 quo
1450 1662 1609 1700 indutos
1637 1662 1756 1698 Lares

265 1739 302 1771 et
336 1735 376 1772 in
408 1733 627 1783 parietibus
659 1733 785 1781 pictos
818 1735 855 1767 et
881 1743 927 1767 ex
951 1742 1026 1767 aere
1050 1730 1156 1767 fusos
1183 1730 1318 1768 videre
1342 1731 1521 1776 solemus,
1554 1736 1597 1767 ut
1624 1729 1757 1767 adule-

263 1814 375 1839 scens
407 1801 600 1851 prodierit
632 1800 824 1848 caligatus
856 1803 892 1835 et
925 1798 1002 1835 alte
1035 1799 1266 1836 succinctus.

383 1871 415 1907 1.
464 1866 625 1907 Mirari
656 1872 808 1906 veteres
840 1879 911 1916 pro
949 1865 1147 1913 „nescire‘²
1180 1868 1359 1916 posuisse
1385 1867 1561 1904 Donatus
1595 1867 1643 1903 ad
1668 1866 1755 1903 Ter.

266 1938 388 1975 Andr.
409 1939 489 1975 750
517 1935 699 1985 (,‚Mir0r,
732 1934 835 1972 unde
859 1932 955 1980 sit“)
988 1937 1123 1971 nostro
1156 1935 1242 1972 loco
1276 1935 1395 1972 allato
1429 1935 1616 1979 adnotat,
1650 1947 1759 1970 accu-

266 2007 390 2042 ratius
422 2005 597 2054 Siesbye.
633 2005 674 2041 in
714 2002 921 2052 Opusculis
959 2001 1009 2039 ad
1042 2001 1285 2052 Madvigium
1327 2016 1348 2040 a
1388 2002 1591 2052 discipulis
1631 2003 1759 2038 missis

266 2087 305 2124 p.
339 2075 431 2111 248.
471 2093 526 2098 —
565 2074 600 2109 2.
648 2068 741 2122 Eyo
772 2081 860 2108 sum
894 2065 1000 2115 Lar,
1050 2070 1124 2107 hoc
1162 2070 1300 2108 ordine
1331 2071 1451 2109 verba
1482 2071 1646 2108 laudant
1677 2069 1761 2106 Pri-

267 2142 420 2179 scianus
452 2141 515 2188 VI,
551 2142 600 2178 32
635 2145 674 2177 et
699 2139 848 2177 Probus
880 2152 917 2188 p.
949 2139 1008 2184 15,
1045 2140 1064 2174 7
1093 2138 1213 2184 Keil.;
1246 2152 1318 2177 nos
1350 2139 1623 2177 Plautinorum
1654 2138 1760 2176 codi-

269 2223 354 2247 cum
386 2209 563 2247 ordinem
595 2209 840 2245 retinuimus.
870 2226 923 2231 —
955 2207 992 2244 4.
1024 2202 1179 2243 multos
1211 2216 1344 2245 annos
1375 2207 1437 2245 est
1468 2217 1591 2256 quom
1614 2204 1760 2256 possi-

269 2276 362 2325 deo,
408 2278 433 2314 i.
467 2291 498 2314 e.
538 2277 681 2313 multos
728 2288 850 2312 annos
892 2274 1075 2325 possideo
1115 2279 1181 2311 aut
1222 2276 1337 2313 multi
1377 2277 1470 2312 anni
1510 2278 1602 2312 sunt
1642 2287 1761 2324 quum

268 2345 470 2397 possideo,
518 2344 678 2382 confusa
714 2347 880 2392 utraque
920 2343 1227 2380 constructione.
1297 2343 1487 2381 Similiter
1519 2342 1624 2380 Pers.
1662 2343 1760 2380 138:

274 2415 385 2462 „leno
430 2412 601 2451 nondum
647 2425 714 2449 sex
759 2422 910 2448 menses
949 2410 1175 2459 Megaribus
1216 2411 1299 2449 Huc
1346 2415 1407 2449 est
1451 2424 1570 2460 quom
1617 2411 1762 2447 conmi-

268 2479 437 2532 gi·auit“.
498 2481 596 2518 Non.
628 2495 666 2531 p.
700 2481 778 2517 250
812 2481 933 2518 male:
985 2486 1069 2529 „est
1105 2485 1147 2519 ut
1180 2476 1406 2530 possideo“.
1438 2499 1494 2504 --
1533 2474 1632 2525 colo,
1666 2479 1690 2515 i.
1727 2492 1760 2515 e.

271 2550 416 2596 incolo,
465 2549 572 2599 quod
611 2552 669 2586 est
708 2548 814 2597 apud
846 2548 1047 2586 Tibullum
1079 2549 1115 2596 I,
1153 2550 1214 2594 10,
1252 2549 1300 2585 18
1332 2550 1485 2598 patrios
1518 2547 1638 2584 Lares
1671 2545 1764 2583 allo-

272 2622 483 2667 quentem:
548 2616 633 2664 „Sic
683 2617 824 2653 veteris
871 2616 981 2653 sedes
1021 2616 1239 2654 incoluistis
1285 2614 1397 2661 avi“;
1446 2615 1492 2653 cf.
1524 2614 1628 2651 infra
1671 2614 1763 2651 693.

274 2686 359 2723 Liv.
392 2685 543 2731 XXXI,
578 2686 641 2731 30,
677 2685 718 2721 9:
770 2683 929 2732 „urbem
972 2684 1143 2721 colentes
1185 2682 1316 2720 deos‘·.
1378 2682 1545 2732 Propter
1577 2681 1763 2727 dativum,

275 2755 341 2802 qui
394 2754 591 2803 sequitur,
653 2752 852 2790 Acidalius
903 2750 1054 2790 ..color‘'
1107 2750 1356 2788 scribendum
1412 2749 1614 2795 censebat,
1674 2748 1767 2785 mihi
