1854 3188
95 186 162 231 III,
178 187 211 232 5,
227 188 351 232 54—6,
368 188 410 221 12
743 187 942 221 Aulularia.
1535 196 1587 235 35

98 312 240 367 [Miles
271 314 518 367 impransus
551 318 678 365 astat,
711 327 784 354 aes
817 317 966 354 censet
997 312 1103 355 dari.
1521 327 1586 360 520

95 385 180 428 Ubi
212 385 436 439 disputata
467 390 534 426 est
563 386 675 427 ratio
709 398 805 426 oum
837 385 1094 438 argentario,

96 457 239 499 Etiam
270 457 369 511 plus
401 457 523 510 ipsus
554 457 668 498 ultro
701 457 830 498 debet
861 457 1144 511 argentario]

98 528 204 584 Spes
236 533 499 583 prorogatur
529 528 656 570 militi
688 530 732 570 in
765 529 898 570 alium
929 529 1053 570 diem.

96 600 216 642 Haec
247 604 347 642 sunt
379 604 511 654 atque
542 601 654 642 aliae
686 601 848 642 multae
880 602 924 643 in
954 603 1118 655 magnis
1150 602 1324 645 dotibus

97 672 469 715 Inoonmoditates
503 677 785 726 sumptusque
817 674 1125 716 intolerabiles.
1523 691 1589 724 525

96 745 205 787 Nam
237 759 346 798 quae
377 744 634 796 indotatast,
668 759 718 787 ea
748 747 793 787 in
823 750 1083 799 potestatest
1115 748 1217 799 uiri]

100 816 287 858 Dotatae
317 820 512 858 mactant
544 821 586 858 et
616 817 730 859 malo
763 822 806 859 et
838 819 993 860 damno
1025 820 1181 860 uiros.-

100 889 185 931 Sed
216 903 362 930 eccum
395 888 581 931 adfinem
613 894 713 931 ante
745 891 876 931 aedis.
939 891 1050 941 Quid
1083 892 1184 943 agis,
1218 891 1368 934 Euclio
1382 894 1400 934 ἱ)

750 962 942 1004 Euclio

97 1033 286 1075 Nimium
317 1033 520 1075 lubenter
552 1035 620 1076 edi
651 1049 891 1076 sermonem
923 1040 1057 1076 tuum.

686 1122 1005 1176 Megadorus

99 1193 209 1235 Ain?
241 1193 478 1235 audiuisti'?

749 1267 942 1308 Euclio

570 1338 718 1393 Usque
751 1353 776 1380 a
806 1340 1018 1393 principio
1048 1326 1208 1381 omnia.
1526 1355 1591 1389 530

686 1423 1007 1477 Megadorus

100 1493 262 1535 Tamen
294 1508 389 1535 meo
422 1494 597 1546 quidem
628 1495 770 1536 animo
803 1495 1026 1548 aliquanto
1058 1496 1192 1538 facias
1223 1498 1394 1540 rectius.

104 1565 149 1607 Si
177 1566 356 1608 nitidior
387 1567 445 1608 sis
477 1565 591 1608 filiae
622 1568 798 1622 nuptiis.

753 1653 945 1696 Euclio

101 1726 187 1768 Pro
217 1741 264 1768 re
295 1727 482 1768 nitorem
514 1731 558 1768 et
588 1727 771 1780 gloriam
803 1742 879 1781 pro
914 1728 1040 1781 copia

104 1796 186 1847 Qui
216 1799 391 1850 habent,
423 1799 711 1840 meminerunt
744 1814 850 1851 sese,
881 1800 995 1841 uncle
1028 1800 1199 1841 oriundi
1232 1802 1361 1852 sient3

102 1870 252 1924 Neque
285 1871 372 1925 pol,
403 1871 648 1924 Megadore,
680 1871 785 1912 mihi
816 1886 896 1913 neo
929 1873 1162 1925 quoiquam
1193 1874 1378 1926 pauperi
1531 1886 1596 1920 535

105 1942 318 1997 Opinione
350 1943 501 1985 melius
530 1957 601 1985 res
633 1947 843 1985 struotast
874 1943 1002 1985 domi.

692 2031 1014 2086 Megadorus

104 2101 239 2144 Immo
273 2136 450 2145 .......
484 2103 527 2145 di
557 2103 736 2155 faciant,
768 2108 817 2145 ut
849 2105 942 2156 siet,

103 2174 206 2217 Plus
237 2175 421 2229 plusque
550 2176 665 2217 istuo
698 2177 924 2230 sospitent,
957 2176 1072 2229 quod
1101 2191 1214 2218 nunc
1247 2177 1396 2219 habes,

752 2264 788 2304 E
800 2278 827 2305 u
841 2277 862 2305 o
872 2264 886 2304 l
898 2264 913 2305 i
925 2279 948 2306 o

104 2334 218 2376 Illud
251 2334 354 2376 mihi
384 2335 567 2377 uerbum
597 2350 683 2377 non
714 2335 859 2390 placet
896 2336 1038 2390 „quod
1069 2350 1182 2378 nuno
1214 2337 1393 2378 habes‘·.

106 2406 213 2447 Tam
229 2407 312 2448 hoc
329 2408 411 2449 soit
427 2422 494 2449 me
518 2407 693 2459 habere,
726 2421 855 2461 quam
879 2413 1071 2461 egomet3
1103 2422 1212 2450 anus
1229 2409 1332 2450 fecit
1347 2409 1505 2463 palam.
1532 2421 1599 2454 540

198 2553 264 2585 520
289 2554 413 2585 astant
543 2551 676 2586 Versus
701 2552 913 2586 terminatur
945 2553 985 2586 in
1011 2563 1088 2595 aes,
1115 2553 1309 2596 proximus
1341 2553 1380 2585 rin
1410 2551 1599 2595 disputata

108 2612 177 2650 est,
215 2610 342 2643 tertius
366 2609 405 2642 in
430 2609 643 2652 argentario
756 2609 821 2643 526
845 2607 1011 2652 Namque
1035 2609 1110 2642 iud.
1219 2610 1285 2643 529
1314 2609 1600 2651 &amasco-ibitur

106 2665 287 2701 EUCLIO
312 2664 613 2700 MEGADORUS
640 2664 790 2699 SENES
814 2664 914 2700 DUO
996 2666 1154 2700 libenter
1179 2666 1217 2699 di
1242 2665 1367 2699 audiui
1392 2676 1599 2699 sermonem

108 2724 175 2756 534
198 2722 434 2758 meminerint
547 2724 612 2756 535
637 2722 833 2767 quiequam
940 2723 1004 2756 536
1031 2721 1173 2767 Opione
1197 2722 1311 2756 melus
1336 2724 1518 2756 restructa
1542 2724 1601 2756 est.

109 2780 179 2814 537
200 2778 320 2814 Immo
347 2782 402 2814 est
427 2781 463 2813 et
489 2779 526 2814 di
597 2781 662 2814 538
687 2778 773 2813 Plus
798 2790 939 2823 pusque
965 2779 1061 2814 istuc

1287 2846 1328 2881 3*
