1854 3188
208 201 260 239 64
885 196 1008 232 Plauti
1469 197 1500 241 I,
1517 200 1546 242 1,
1562 200 1695 233 16-—30

779 322 836 364 Pi
848 337 866 365 s
877 327 895 364 t
907 337 930 365 0
944 323 991 364 cl
1002 337 1024 364 e
1033 337 1055 364 r
1063 338 1092 365 u
1103 337 1121 364 s

209 392 366 435 Uiscus
397 407 544 436 merus
575 398 767 437 uostrast
796 394 1021 436 blanditia.

794 466 827 507 Β
842 481 867 508 a
879 480 901 507 c
912 479 933 507 c
942 466 1023 507 his
1053 465 1102 507 A.

957 535 1069 585 Quid
1099 536 1215 578 iam‘?

782 620 838 661 Pi
851 623 897 661 st
908 633 931 661 0
943 633 964 661 0
976 620 990 660 1
1002 633 1023 661 e
1033 634 1054 660 r
1065 633 1093 661 u
1103 634 1121 661 s

1193 690 1305 741 Quia
1336 692 1448 733 enim
1478 692 1694 746 intellego,

207 761 329 803 Duae
360 777 491 804 unum
523 763 724 817 expetitis
756 763 1001 817 palumbem
1014 779 1022 815 ;
1062 763 1097 805 si
1127 763 1327 805 harundo
1360 762 1451 805 alas
1481 764 1694 816 uerberat,

209 833 304 874 Non
322 847 399 886 ego
416 835 528 876 istuc
544 834 712 876 facinus
730 834 1019 885 mihi‚1nulier⁷
1032 834 1301 876 conducibile
1321 848 1414 877 esse
1431 834 1632 877 arbitror.
1651 847 1695 880 50

796 921 1027 963 Bacchis
1058 922 1105 963 A.

208 990 302 1041 Qui,
334 992 521 1034 amabo?

784 1065 1124 1107 Pistoclerus

436 1135 557 1188 Quia,
590 1135 788 1187 Bacchis,
821 1136 1009 1178 bacchas
1041 1141 1184 1179 metuo
1217 1141 1257 1178 et
1288 1136 1529 1178 bacchanal
1560 1141 1694 1178 tuum.

797 1223 1029 1265 Bacchis
1060 1223 1108 1264 A.

212 1290 323 1341 Quid
354 1297 430 1345 est,
464 1293 579 1348 quod
609 1295 798 1336 metuis?
844 1310 897 1337 ne
929 1295 1009 1337 tibi
1045 1295 1183 1337 lectus
1223 1294 1434 1336 malitiam
1473 1296 1590 1350 apud
1629 1310 1696 1338 me

1160 1367 1368 1409 suadeat?

786 1437 1125 1480 Pistoclerus

207 1507 347 1562 Magis
369 1508 576 1550 inlectum
600 1512 720 1550 tuum
746 1524 875 1564 quam
897 1510 1058 1551 lectum
1073 1514 1239 1561 metuo3
1271 1510 1386 1551 mala
1402 1514 1451 1551 tu
1471 1524 1516 1552 es
1541 1510 1695 1552 bestia.

206 1579 316 1620 Nam
347 1580 447 1622 huic
479 1582 613 1622 aetati
643 1596 728 1623 non
760 1582 974 1623 conducit.
1006 1581 1172 1633 mulier,
1204 1581 1451 1623 latebrosus
1480 1581 1617 1623 locus

802 1667 1028 1710 Bacchis
1060 1668 1107 1709 A.

207 1737 400 1791 Egomet,
419 1739 535 1793 apud
551 1753 617 1780 me
636 1739 842 1794 quidquid
860 1740 991 1781 stulte
1008 1739 1149 1781 facere
1167 1740 1331 1793 cupias,
1355 1739 1622 1794 prohibeam.
1656 1751 1698 1785 55

209 1808 292 1851 Sed
311 1824 387 1863 ego
406 1810 520 1864 apud
536 1825 603 1852 me
620 1815 663 1853 te
681 1825 773 1853 esse
791 1811 845 1853 ob
864 1826 957 1852 eam
974 1825 1078 1864 rem,
1103 1811 1227 1853 miles
1253 1825 1383 1864 quom
1398 1812 1559 1863 ueniat,
1585 1812 1697 1863 uolo,

209 1879 330 1933 Quia,
370 1896 498 1936 quom
530 1887 578 1924 tu
610 1883 764 1935 aderis,
804 1883 903 1924 huic
934 1883 1125 1937 mihique
1156 1883 1275 1925 haud
1303 1882 1435 1924 faciet
1467 1883 1697 1937 quisquam

1153 1955 1366 1996 iniuriam.

207 2024 270 2065 Tu
301 2024 552 2078 prohibebis
585 2030 627 2066 et
659 2025 809 2067 eadem
841 2039 973 2079 opera
1003 2030 1078 2068 tuo
1110 2026 1249 2068 sodali
1281 2040 1458 2081 operam
1490 2026 1626 2078 dabis5

205 2095 261 2137 Et
291 2095 362 2137 ille
395 2096 628 2138 adueniens
659 2102 779 2138 tuam
810 2097 907 2138 med
940 2111 1032 2139 esse
1063 2098 1246 2139 amicam
1279 2097 1584 2152 suspicabitur.

206 2166 329 2220 Quid,
361 2168 529 2220 amabo,
563 2169 816 2222 opticuisti‘?

776 2255 1120 2298 Pistoclerus

727 2326 838 2377 Quia
868 2328 1005 2369 istaec
1035 2328 1183 2382 lepida
1214 2333 1312 2370 sunt
1342 2329 1619 2381 memoratui3
1650 2340 1694 2374 60

204 2396 369 2439 Eadem
399 2397 444 2439 in
473 2412 554 2439 usu
584 2403 714 2451 atque
745 2399 819 2440 ubi
849 2399 1057 2452 periclum
1088 2400 1237 2451 facias,
1270 2401 1471 2442 aculeata
1500 2405 1620 2452 sunt3

202 2469 404 2510 Animum
419 2469 626 2512 fodicant.
651 2470 764 2511 bona
781 2471 1069 2524 distimulant,
1094 2471 1211 2513 facta
1235 2475 1277 2513 et
1299 2470 1460 2513 famam
1483 2473 1692 2514 sauciant.

293 2654 336 2688 49
359 2654 570 2698 palumbem
594 2654 688 2698 perii
712 2654 881 2688 harundo
999 2656 1040 2688 51
1068 2653 1161 2697 Quid
1185 2655 1220 2689 B
1335 2656 1378 2689 52
1403 2654 1497 2698 Quid
1522 2660 1578 2689 est
1603 2654 1693 2699 quid

204 2710 247 2744 55
271 2710 360 2754 quid
443 2712 485 2744 59
509 2721 567 2744 me
592 2711 627 2744 B
709 2712 752 2744 60
776 2715 1006 2745 memoratua
1034 2710 1064 2746 C
1142 2712 1186 2745 62
1212 2712 1450 2746 destimulant
1474 2711 1522 2746 B.
1581 2711 1692 2746 Hunc

200 2776 343 2800 versum
366 2769 528 2811 seqnitur
547 2772 581 2801 τ.
611 2769 663 2810 71,
689 2768 727 2801 m
752 2778 818 2811 quo
845 2769 972 2812 Apage
999 2767 1107 2802 amici
1130 2779 1223 2813 page
1248 2768 1283 2803 B
