1897 3171
142 199 196 244 II,
212 201 242 243 3,
255 200 390 233 42—55
807 196 832 230 C
836 196 987 230 urculio.

1558 197 1579 234 ἶς’.)

1588 197 1610 234 0³

1615 197 1638 235 ς]

711 321 1074 364 Phaedromus

144 396 280 438 Immo
312 397 348 438 si
380 397 505 448 scias,
536 395 744 451 reliquiae
777 408 888 449 quae
921 394 1017 434 sint.

770 465 1024 508 Curculio

1077 536 1195 578 Scire
1227 536 1352 577 nimis
1382 536 1516 587 lubet,

145 613 230 655 Ubi
262 613 394 665 sient3
425 626 525 654 nam
556 611 641 653 illis
674 611 897 653 conuentis
929 623 1031 651 sane
1065 623 1171 663 opus
1205 612 1271 650 est
1294 609 1399 649 meis
1425 608 1638 650 dentibus.

712 682 1079 724 Phaedromus

144 757 342 809 Pernam,
374 756 599 808 abdomen,
631 769 781 799 sumen
813 768 968 805 sumes,
1000 753 1235 807 glandium.

771 826 1024 868 Curculio

1063 898 1145 939 Ain
1176 897 1256 939 tu‘?
1319 896 1475 939 Omnia
1504 896 1642 938 haee?

146 974 198 1016 In
230 974 429 1016 carnario
460 972 648 1015 fortasse
680 972 801 1013 dicis.

705 1043 1076 1085 Phaedromus

885 1116 1020 1157 Immo
1051 1115 1095 1156 in
1128 1114 1339 1156 lancibus.

147 1189 268 1240 Quae
298 1190 379 1231 tibi
411 1194 510 1232 sunt
541 1193 711 1244 parata,
742 1191 975 1242 postquam
1008 1188 1165 1229 seimus
1197 1190 1441 1227 uenturum.

772 1259 1024 1302 Curculio

1430 1329 1552 1381 Uide‚
1579 1340 1644 1374 325

147 1405 212 1447 Ne
243 1420 311 1448 me
341 1405 480 1447 ludas.

715 1477 1084 1519 Phaedromus

279 1549 347 1591 Ita
377 1563 444 1590 me
477 1549 653 1600 amabit,
687 1562 817 1602 quam
849 1564 926 1603 ego
961 1563 1071 1599 amo,
1104 1552 1153 1589 ut
1187 1561 1263 1600 ego
1295 1545 1414 1588 haud
1446 1546 1644 1587 mentior.

151 1621 235 1663 Sed
267 1622 384 1675 quod
412 1625 455 1663 te
486 1622 596 1672 misi7
627 1621 761 1663 nihilo
795 1636 889 1663 sum
921 1622 1091 1662 certior.

774 1693 1027 1735 Curculio

1141 1763 1260 1805 Nihil
1291 1762 1441 1805 adtuli.

719 1837 1087 1878 Phaedromus

149 1910 387 1953 Perdidisti
417 1924 499 1952 me.

770 1980 1034 2022 Curculio

536 2053 738 2095 Inuenire
769 2068 960 2107 possum,
995 2053 1030 2095 si
1062 2052 1167 2094 mihi
1200 2064 1378 2106 operam
1410 2050 1548 2092 dabis.

149 2125 387 2179 Postquam
417 2131 492 2168 tuo
524 2127 644 2168 iussu
675 2125 896 2180 profectus
930 2139 1036 2177 sum,
1068 2124 1249 2179 perueni
1279 2124 1322 2165 in
1356 2121 1539 2165 Cariam.

150 2196 288 2239 Uideo
320 2202 447 2239 tuum
478 2198 684 2249 sodalem,
719 2199 886 2252 argenti
916 2211 1022 2250 rogo
1054 2198 1119 2239 uti
1149 2195 1283 2238 faciat
1315 2196 1495 2250 copiam.
1584 2205 1650 2239 330

151 2270 294 2313 Scires
325 2270 438 2312 uelle
470 2271 656 2324 gratiam
686 2276 826 2321 tuam3
858 2269 1000 2311 noluit
1029 2269 1301 2321 frustrarier3

151 2341 210 2384 Ut
241 2342 365 2384 decet
395 2342 509 2384 uelle
540 2342 758 2385 hominem
791 2342 978 2383 amioum
1009 2342 1149 2383 amico
1182 2346 1315 2393 atque
1347 2339 1613 2394 opitularier7

152 2413 397 2469 Respondit
427 2414 534 2456 mihi
564 2415 715 2469 paucis
746 2414 893 2456 uerbis
925 2418 1057 2467 atque
1091 2412 1200 2455 adeo
1231 2412 1430 2463 fideliter⁷

153 2484 277 2536 Quod
307 2486 443 2539 tibist,
474 2487 579 2529 item
610 2487 692 2529 sibi
725 2501 830 2538 esse,
862 2500 1065 2540 magnam
1097 2485 1267 2539 argenti
1298 2484 1504 2538 inopiam.

223 2671 287 2704 321
312 2671 450 2715 requiae
523 2673 587 2706 323
613 2683 740 2706 sumen
767 2671 841 2706 suis
867 2670 1058 2715 glandium
1142 2670 1207 2704 325
1235 2667 1384 2703 seiimus
1456 2665 1554 2709 Quae
1581 2665 1651 2699 tibi

156 2731 241 2761 sunt
264 2728 486 2764 antecedenti
509 2730 632 2763 uersati
657 2729 854 2763 adduntur.
936 2728 1001 2762 326
1025 2738 1071 2761 ne
1096 2737 1152 2760 me
1178 2724 1283 2759 ludas
1311 2724 1400 2758 item.
1484 2719 1558 2757 327‘
1576 2733 1648 2766 quo

156 2785 223 2818 328
248 2785 345 2820 datis
