1897 3171
750 187 790 223 V.
821 189 1007 224 188—212.
1547 193 1625 232 391

130 317 220 355 loco
250 316 286 354 A
325 319 364 354 et
395 315 422 353 C
466 315 715 366 „pr0ximae“
757 318 922 364 habent,
966 318 996 355 Β
1040 316 1282 367 „proxime‘'.
1352 318 1473 357 Most.
1519 320 1625 357 1045

131 385 180 434 A,
211 384 242 422 B
277 397 494 435 „proxuma
530 384 715 433 uicinia“,
759 385 786 423 C
823 398 1039 434 „proxuma
1076 384 1248 423 uicina“.
1280 406 1335 411 —
1374 387 1468 424 204.
1516 387 1628 424 affert

134 451 284 490 Charis.
323 466 361 502 p.
395 454 474 490 223
508 453 556 491 Κ.
588 454 687 490 male
731 451 1017 503 „pluriinique“
1063 454 1249 492 scribens.
1280 474 1336 479 —·
1369 456 1462 492 205.
1496 451 1629 492 Immo

132 523 279 570 praeter
310 521 534 571 opinionem
561 523 742 571 augentis
767 525 839 568 est,
874 522 920 559 cf.
939 522 1042 559 infra
1068 523 1160 559 695.
1207 521 1322 571 Epid.
1344 524 1443 560 443:
1482 523 1629 569 ..Immo

136 589 169 625 si
200 588 338 626 audias
368 588 479 627 Meas
509 602 682 640 pugnas,
724 588 890 639 fugias“.
953 590 1041 628 Ter.
1074 590 1216 627 Heaut.
1251 592 1348 627 599:
1401 591 1564 637 ..Imm0,
1598 593 1631 628 si

132 655 274 695 scias“.
306 677 363 683 —-
395 667 483 695 eam
521 658 723 696 Acidalius
762 672 855 704 em.,
902 659 950 696 cf.
991 658 1101 696 Cure.
1139 660 1202 696 59.
1234 678 1290 683 —
1321 655 1468 695 misere
1506 658 1629 706 idem,

138 722 330 772 „misera“
366 725 558 774 Seyffert„
593 725 703 764 Stud.
721 741 759 776 p.
790 728 825 764 S.
853 746 908 751 -—
942 727 1034 764 206.
1068 723 1186 772 Hem,
1220 726 1327 775 quod
1358 726 1471 763 codd.
1504 727 1630 764 Pisto-

133 793 238 830 clero
256 794 499 840 continuant,
533 794 721 843 Chrysalo
739 794 991 832 tribuendum
1017 808 1100 831 esse
1123 794 1223 831 vidit
1250 793 1429 831 Bothius.
1476 795 1628 833 Ritsch.

138 858 234 908 „en“
271 860 330 899 ed.
368 881 424 886 —
463 863 556 900 208.
592 858 731 900 bachis
769 863 977 900 delendum
1017 876 1100 900 esse
1130 862 1232 899 vidit
1261 862 1439 900 Bothius.
1497 859 1628 901 Tanto

133 926 297 976 melior,
344 930 461 967 solita
491 930 680 968 laudandi
718 931 902 978 formula,
951 930 997 968 cf.
1037 931 1143 968 Pers.
1180 932 1272 968 327.
1342 930 1497 968 Trucul.
1533 933 1626 970 940.

133 997 222 1034 Ter.
254 997 396 1035 Heaut.
432 999 524 1036 549.
584 998 737 1036 Phaedr.
770 999 846 1046 III,
883 1002 917 1046 5,
953 1001 995 1036 2:
1048 999 1222 1048 „AEsopo
1255 998 1417 1048 quidam
1447 999 1631 1049 petulans

132 1065 307 1115 lapidem
347 1067 577 1116 impegerat.
639 1067 785 1114 Tanto,
825 1068 977 1117 inquit,
1018 1065 1197 1104 melior‘ffi
1259 1066 1421 1112 Quintil.
1455 1067 1559 1114 VIII,
1594 1069 1630 1114 2,

138 1134 208 1171 18:
247 1135 430 1183 „egregia
460 1135 656 1172 laudatio:
691 1136 818 1173 Tanto
850 1136 1010 1182 melior,
1043 1148 1091 1172 ne
1124 1148 1194 1184 ego
1223 1133 1382 1184 quidem
1407 1133 1629 1173 intellexi“.

133 1201 268 1240 Senec.
308 1202 381 1252 Ep.
424 1204 496 1249 31,
539 1203 584 1240 4:
645 1203 900 1254 „adprobabo
949 1207 988 1241 et
1027 1203 1223 1240 clamabo:
1279 1203 1406 1240 Tanto
1453 1202 1636 1241 melior“.·

133 1261 279 1320 Tranq.
321 1272 440 1308 animi
476 1273 545 1319 16,
587 1273 632 1309 3:
690 1272 939 1318 „Laudemus
981 1274 1021 1308 et
1059 1271 1257 1309 dicamus:
1313 1271 1440 1308 Tanto
1479 1272 1631 1320 fortior,

132 1341 246 1377 tanto
285 1337 478 1378 felicior⁴‘.
571 1340 644 1390 Ep.
685 1342 758 1388 71,
801 1342 871 1378 28:
933 1340 1080 1387 „multo
1130 1339 1268 1376 audire
1317 1339 1467 1376 mavult
1505 1340 1630 1378 Tanto

132 1409 291 1455 melior,
315 1421 431 1458 quam
447 1406 640 1446 felicior“.
687 1408 800 1446 Ovid.
819 1408 914 1446 Met..
932 1407 1037 1455 XIV,
1065 1409 1164 1445 657:
1202 1407 1355 1455 „Tanto
1381 1406 1631 1457 potentior“.

134 1476 238 1514 Plin.
278 1476 424 1524 Paneg.
468 1475 539 1523 71,
581 1478 624 1514 4:
685 1477 837 1524 „Tanto
876 1478 1020 1524 maior,
1061 1479 1174 1512 tanto
1216 1473 1458 1525 aug11sti0r“.
1534 1476 1635 1514 Huic

133 1545 377 1582 contrarium
408 1548 467 1582 est,
502 1545 652 1591 „Tanto
683 1542 873 1595 nequior“
907 1545 1012 1582 Men.
1046 1544 1140 1582 424.
1195 1543 1283 1582 Ter.
1317 1543 1391 1581 Ad.
1427 1545 1519 1582 528.
1576 1544 1631 1582 Cf.

134 1611 257 1650 Stich.
290 1613 391 1650 744:
442 1613 595 1660 „Tanto
628 1610 849 1650 miserior“.
891 1633 945 1637 -—
982 1612 1079 1649 Post
1116 1614 1383 1661 interruptum
1424 1612 1635 1650 Pistocleri

137 1693 355 1718 sermonem
387 1681 542 1728 hiatur,
574 1681 732 1719 Muller.
769 1679 982 1729 „abiuero“
1018 1680 1207 1730 postulat.
1282 1677 1445 1727 „abiero
1472 1678 1633 1729 2301‘2'us,

133 1761 252 1797 quam
292 1749 450 1786 audiam
489 1753 568 1786 tam
608 1750 741 1799 inepte
777 1747 1043 1787 nar1·antem“.
1075 1769 1131 1774 —
1174 1749 1267 1786 210.
1308 1759 1374 1786 *re-5²
1414 1762 1484 1786 em.
1517 1749 1631 1786 Both.

136 1817 251 1854 actor
281 1820 353 1865 est,
386 1818 453 1866 qui
479 1818 521 1854 in
551 1831 667 1855 scena
698 1818 848 1867 aliquid
880 1818 987 1855 dicit.
1034 1817 1199 1854 Plautus
1225 1820 1334 1854 extra
1360 1820 1632 1866 argumentum

134 1885 378 1923 occasionem
411 1887 553 1936 arripit
584 1888 750 1933 actoris,
785 1900 897 1936 quem
930 1899 1066 1935 parum
1107 1885 1319 1935 probabat,
1367 1885 1547 1922 vexandi.
1581 1905 1635 1908 —-

134 1949 244 2001 odio,
283 1967 319 1991 v.
353 1954 403 1991 ad
432 1954 542 1992 Asin.
576 1956 669 1993 443.
702 1975 758 1979 —
797 1955 874 1991 211
910 1967 966 2003 sq.
1001 1953 1138 1991 Oratio
1170 1953 1445 1998 anacoluthos3
1495 1966 1631 2002 expec-

134 2021 297 2060 tabatur
326 2022 425 2060 nihil
457 2023 627 2073 amplius
659 2037 775 2072 quam
807 2020 964 2060 inm'z‘fzts
989 2022 1137 2070 specto,
1172 2022 1217 2059 cf.
1239 2021 1350 2071 Capt.
1372 2023 1463 2059 376.
1515 2021 1631 2071 Epid.

140 2091 217 2128 167
250 2104 328 2140 sq.:
381 2091 590 2141 „Plerique
622 2092 816 2137 homines,
860 2104 979 2140 quos,
1023 2103 1137 2139 quom
1178 2090 1278 2127 nihil
1308 2090 1449 2136 refert.
1499 2089 1633 2138 pudet,

134 2159 204 2196 ubi
228 2159 506 2209 pudendumst,
539 2159 595 2196 ibi
628 2173 694 2197 eos
727 2159 873 2196 deserit
896 2157 1066 2208 pud0r“.
1112 2159 1198 2196 Mil.
1223 2160 1322 2195 140:
1360 2158 1482 2194 ..Nam
1514 2171 1633 2194 unum

136 2227 335 2274 conclaue,
369 2227 610 2265 concubinae
643 2227 749 2277 quod
781 2228 900 2273 dedit,
930 2258 937 2265 .
958 2257 965 2265 .
986 2258 993 2265 .
1019 2229 1060 2264 in
1093 2240 1138 2265 eo
1172 2227 1349 2264 conclaui
1381 2239 1450 2275 ego
1481 2225 1636 2274 perfodi

134 2293 371 2345 parietem“.
432 2295 534 2333 Rud.
570 2297 670 2333 963:
721 2295 934 2342 ,.Uidulum
974 2297 1113 2342 istum,
1158 2296 1296 2345 quoius
1338 2298 1397 2331 est
1434 2295 1529 2330 noui
1562 2305 1633 2342 ego

135 2360 376 2413 hominem“.
438 2359 571 2402 Pellio
602 2365 642 2401 in
674 2363 787 2401 codd.
820 2368 983 2401 vocatur
1014 2367 1124 2401 actor
1154 2364 1220 2400 ille
1252 2363 1484 2400 fabularum.
1541 2360 1635 2397 Post

135 2430 375 2469 Gulielmum
416 2431 589 2469 editores
627 2432 806 2481 plerique
837 2432 1055 2470 Pollionem
1089 2432 1292 2481 appellant
1325 2430 1478 2466 nomine
1511 2429 1634 2475 magis

135 2503 245 2548 noto,
278 2499 382 2550 quod
407 2499 661 2548 Symmachus
686 2500 748 2537 hic
772 2501 913 2550 legisse
936 2500 1106 2547 videtur,
1140 2502 1173 2537 si
1198 2499 1355 2548 quidem
1382 2497 1454 2533 huc
1481 2500 1636 2545 spectat

135 2566 211 2617 Ep.
242 2567 291 2615 X,
326 2570 368 2605 2:
429 2567 542 2614 „Non
581 2568 685 2605 idem
722 2568 850 2606 honor
887 2570 928 2606 in
966 2566 1274 2618 pronuntiandis
1315 2565 1460 2602 fabulis
1491 2564 1634 2601 Publio

137 2636 322 2684 Pollioni,
355 2638 423 2685 qui
454 2636 638 2674 Ambivio
669 2635 793 2684 fuit‘·';
826 2637 904 2675 vid.
938 2636 1089 2674 Ritsch.
1121 2635 1281 2682 Parerg.
1314 2646 1352 2682 p.
1388 2633 1480 2670 392.
1543 2633 1635 2669 Am-

136 2703 267 2742 bivius
283 2704 432 2753 Turpio
451 2717 499 2741 ex
510 2705 760 2742 Terentianis
779 2705 1002 2743 didascaliis
1019 2707 1133 2741 notus
1152 2707 1222 2748 est,
1242 2702 1408 2738 alterius
1426 2701 1572 2737 mentio
1589 2698 1636 2736 fit

135 2772 179 2809 in
202 2772 415 2810 didascalia
437 2773 690 2827 Ambrosiani
714 2774 870 2821 codicis,
904 2786 1020 2823 quam
1043 2770 1190 2808 Ritsch.
1208 2770 1369 2817 Parerg.
1388 2782 1426 2818 p.
1447 2770 1525 2806 260
1547 2782 1634 2818 sqq.
