1854 3188
157 198 206 238 II,
223 202 252 243 1,
266 199 378 233 '7-18
832 196 989 241 Captiui.
1574 203 1651 241 157

781 322 1037 364 Lorarius

157 394 405 437 Eiulatione
435 395 555 437 haud
587 408 696 449 opus
730 399 817 446 est3
851 394 987 436 oculis
1018 394 1197 436 multam
1228 397 1381 437 miram
1413 396 1580 439 dicitis:

156 467 208 509 In
237 481 284 509 re.
315 467 432 509 mala
463 467 607 509 animo
641 467 676 509 si
706 466 820 508 bono
852 470 990 517 utare,
1025 466 1217 508 adiuuat.

797 552 1016 608 Captiui

156 629 321 670 At-nos
352 627 496 683 pudet,
529 627 630 680 quia
661 640 756 668 cum
789 626 954 667 catenis
987 639 1147 667 sumus.

781 713 1039 754 Lorarius

1211 786 1266 826 At
1296 785 1442 839 pigeat
1473 790 1625 838 postea

157 861 366 903 Nostrum
397 873 531 911 erum,
564 859 600 900 si
630 872 708 900 uos
740 858 903 899 eximat
934 857 1119 899 uinculis

158 934 247 976 Aut
277 932 440 975 solutos
473 932 600 982 sinat,
634 944 743 984 quos
776 934 955 983 argento
991 929 1155 971 emerit.
1591 942 1656 975 205

796 1016 1015 1071 Captiui

159 1093 276 1145 Quid
307 1107 332 1134 a
361 1090 486 1133 nobis
517 1090 701 1132 metuit?
765 1088 932 1130 Scimus
966 1103 1056 1139 nos,

159 1166 368 1208 Nostrum
399 1162 586 1206 officium
619 1162 734 1217 quod
767 1165 844 1212 est,
878 1162 912 1202 si
947 1161 1110 1202 solutos
1143 1161 1267 1202 sinat.

783 1248 1041 1290 Lorarius

157 1327 216 1368 At
245 1324 390 1379 fugam
419 1322 603 1376 fingitis;
637 1321 789 1371 sentio,
823 1334 953 1374 quam
984 1334 1075 1362 rem
1107 1321 1249 1375 agitis.

804 1407 1022 1462 Captiui

160 1486 253 1527 Nos
284 1483 526 1538 fugiamus?
587 1481 680 1532 Quo
712 1480 956 1534 fugiamus?

786 1568 1044 1609 Lorarius

842 1640 892 1680 In
924 1641 1124 1693 patriani.

802 1726 1029 1781 Captiui

965 1800 1125 1852 Apage.
1160 1798 1272 1839 haud
1307 1813 1387 1840 nos
1420 1798 1463 1839 id
1496 1798 1661 1849 deceat,

159 1875 387 1929 Fugitiuos
416 1873 590 1915 imitari.

787 1943 1044 1984 Lorarius

433 2017 570 2058 Immo
602 2016 768 2070 edepol,
803 2016 838 2057 si
871 2016 953 2056 erit
986 2016 1166 2056 occasio.
1200 2014 1319 2056 haud
1351 2014 1570 2056 dehortor.
1598 2026 1664 2059 210

740 2102 1084 2144 Philocrates

162 2177 307 2220 Unum
338 2189 520 2219 exorare
552 2189 630 2217 uos
663 2175 790 2217 sinite
821 2189 912 2216 nos.

781 2257 814 2299 L
825 2271 848 2299 ο
861 2272 882 2298 Γ
895 2259 974 2299 ari
985 2272 1014 2299 u
1027 2272 1045 2299 s

827 2329 1043 2379 Quidnam
1074 2329 1118 2371 id
1152 2330 1247 2371 est?

746 2413 1090 2455 Philocrates

1124 2485 1185 2527 Ut-
1218 2485 1307 2527 sine
1339 2483 1454 2525 hisce
1488 2482 1664 2524 arbitris

165 2559 309 2614 Atque
339 2558 467 2601 uobis
498 2557 623 2600 nobis
656 2557 768 2599 detis
799 2557 944 2599 locum
975 2557 1197 2611 loquendi.

258 2729 322 2763 201
347 2728 465 2762 multa
490 2727 606 2762 oeulis
633 2728 748 2762 multa
775 2728 967 2762 miraclitis
1092 2728 1157 2761 203
1183 2724 1363 2759 catenatis
1491 2723 1665 2767 adpigeat

166 2784 235 2818 205
254 2784 429 2829 'sinatque
454 2796 544 2829 quos
