1897 3171
225 196 306 235 222
909 189 1030 224 Plauti
1489 189 1516 232 Ι,
1530 190 1561 232 2,
1574 190 1617 224 36
1627 190 1717 223 -43

790 315 823 356 P
836 315 864 356 h
875 330 899 356 a
910 329 931 356 e
945 315 971 356 d
981 330 1002 356 r
1011 330 1034 357 o
1046 330 1087 356 m
1100 330 1127 356 u
1139 329 1157 356 s

222 388 338 430 Perii
368 387 512 429 hercle
526 403 535 440 3
566 387 668 429 huic
702 387 806 442 quid
838 388 1022 441 primum
1054 386 1210 438 dicam,
1243 387 1401 428 nescio.

825 474 857 515 P
870 475 979 516 alin
991 489 1018 515 u
1028 489 1049 515 r
1058 489 1087 515 u
1099 488 1116 515 s

1041 546 1121 587 Em
1153 546 1278 597 istuc,
1313 543 1428 598 quod
1459 544 1563 585 mihi
1595 543 1716 585 dixti.

789 633 1158 675 Phaedromus

229 705 343 756 Quid
373 705 417 747 id
448 706 542 748 est?
875 758 879 761 Ι

825 777 1117 818 Palinurus

496 849 686 892 Periisse
720 855 766 890 ut
797 854 839 890 te
872 848 1004 890 dicas.

791 936 823 977 P
836 935 864 976 h
876 950 901 977 a
911 949 932 977 e
945 936 970 976 d
983 950 1004 976 r
1015 949 1038 977 o
1049 949 1090 976 m
1100 950 1127 976 u
1139 949 1157 976 s

939 1007 1053 1049 Male
1084 1007 1165 1048 tibi
1198 1007 1242 1048 di
1272 1006 1447 1048 faciant.

828 1079 858 1120 P
871 1079 981 1120 alin
992 1093 1019 1120 u
1030 1093 1051 1119 r
1062 1093 1089 1119 u
1101 1093 1119 1120 s

1401 1151 1503 1191 Dice
1533 1151 1618 1192 isti.
1656 1162 1721 1195 130

870 1223 1078 1265 Leaena

224 1296 311 1338 Ah!

822 1368 853 1408 P
867 1382 891 1409 a
902 1368 916 1408 i
927 1369 940 1409 i
951 1382 978 1408 n
990 1382 1017 1408 u
1027 1382 1049 1408 r
1059 1381 1086 1407 ιι
1100 1381 1118 1408 s

340 1438 452 1490 Quid
476 1440 577 1482 est?
630 1439 799 1493 Ecquid
832 1440 986 1481 lubet?

870 1526 1078 1568 Leaena

558 1599 711 1641 Lubet.

820 1670 1118 1712 Palinurus

608 1742 754 1784 Etiam
786 1743 891 1784 mihi
923 1756 1097 1796 quoque
1132 1741 1305 1784 stimulo
1337 1741 1486 1784 fodere
1517 1741 1639 1783 lubet
1661 1744 1719 1782 te.

797 1826 1039 1868 Phaedro
1055 1840 1163 1867 mus

225 1900 368 1942 Tacen
400 1913 455 1941 an
486 1913 571 1941 non
582 1900 600 1940 ἱ)

826 1970 1119 2011 Palinurus

310 2043 464 2086 Taceo.
506 2043 617 2085 Ecce
636 2048 781 2085 autem
798 2041 908 2084 bibit
926 2055 1074 2088 arcus:
1108 2041 1240 2095 pluet,
1259 2040 1386 2082 credo
1404 2040 1558 2090 hercle,
1575 2039 1717 2081 hodie.

791 2114 1151 2155 Phaedromus

227 2188 374 2230 Iamne
407 2200 484 2241 ego
515 2187 617 2229 huic
651 2186 747 2228 dico
761 2187 780 2227 Ῥ

827 2258 858 2299 P
871 2258 983 2298 alin
994 2272 1021 2299 u
1030 2272 1051 2298 r
1062 2272 1088 2298 u
1100 2271 1118 2298 s

697 2329 809 2379 Quid
843 2330 990 2371 dices?

793 2401 823 2442 P
836 2401 865 2442 h
875 2416 899 2443 a
909 2416 929 2443 e
943 2401 969 2443 d
979 2416 1033 2443 ro
1045 2416 1087 2442 m
1097 2416 1124 2443 u
1135 2415 1153 2442 s

949 2474 1016 2515 Me
1049 2473 1224 2527 perisse.

827 2546 1118 2586 Palinurus

1217 2617 1306 2670 Age
1338 2616 1445 2657 dice.

320 2776 383 2809 129
408 2773 503 2809 Hem
577 2775 640 2808 130
664 2772 807 2807 Perisse
881 2772 938 2806 dic
1014 2773 1075 2806 132
1100 2770 1173 2805 PH.
1200 2770 1296 2806 Tace
1321 2769 1408 2804 noli.
1436 2768 1509 2803 PA.
1535 2767 1655 2803 Taceo
