1897 3171
257 190 336 228 346
895 185 1097 219 Aulularia.

253 315 404 352 tissima
433 310 731 364 persequatur“.
796 313 998 351 Interdum
1024 313 1216 351 eiusmodi
1240 314 1454 361 sententiae,
1489 326 1564 351 non
1589 316 1739 350 mutata

255 382 461 433 particulae
499 383 557 428 vi,
604 395 690 418 cum
735 381 1054 419 antecedentibus
1090 382 1328 429 iunguntur,
1374 394 1410 419 v.
1451 395 1571 432 supra
1611 383 1660 419 39
1699 386 1738 419 et

254 453 388 488 annot.
405 470 460 475 —
479 451 571 487 640.
609 459 756 499 „quam
780 446 962 499 benique,
995 463 1112 498 quam
1134 449 1355 486 liberaliter
1376 453 1615 499 potestatem
1645 450 1740 487 facit

254 515 532 567 exquirendi!“
580 516 715 555 Lamb.
760 537 816 543 —
856 517 947 555 641.
995 514 1110 555 Noui
1144 513 1440 567 sycophantias
1477 518 1571 555 olim
1609 531 1738 555 emen-

255 586 411 632 datum,
458 585 526 622 sed
557 598 693 622 versus
723 585 834 622 hiatu
871 585 1046 632 laborat,
1095 586 1162 635 qui
1199 598 1270 622 nec
1307 589 1397 634 post
1431 584 1634 633 „rursum“
1669 599 1739 622 nec

253 657 344 704 post
380 651 593 700 „ostende“
627 653 853 690 verisimilis
887 658 966 700 est,
1013 666 1082 690 nec
1116 652 1296 690 Euclioni
1328 653 1536 691 dicendum
1569 657 1666 700 erat,
1700 667 1740 690 se

254 721 537 771 sycophantias
576 734 707 767 nosse,
755 721 860 771 quod
899 721 971 758 sibi
1009 721 1116 758 laudi
1151 720 1327 758 tribuere
1365 734 1442 758 non
1478 722 1624 771 potuit,
1673 721 1741 758 sed

255 788 421 827 Strobili
460 789 734 839 sycophantias
765 802 806 826 se
838 790 1074 839 perspicere.
1148 788 1406 826 Desideratur
1441 787 1602 836 „istas“,
1636 788 1742 838 quod

255 858 439 906 quoniam
472 861 636 894 metrum
670 871 747 894 non
778 858 874 904 fert,
910 858 1002 894 tuas
1033 857 1184 905 scripsi.
1245 857 1445 894 Licentius
1476 856 1594 904 Brix„
1628 870 1742 906 quem

253 929 471 974 sequuntur
501 925 583 962 Wr.
609 929 648 962 et
672 925 757 963 Fr.:
795 925 979 973 „ostende
1010 925 1084 962 huc
1116 924 1328 962 dexteram.
1376 924 1482 962 STR.
1510 924 1583 961 Em
1617 922 1739 972 [tibi].

253 992 368 1031 EUC.
400 993 512 1030 Nunc
539 1023 547 1031 .
568 1024 575 1031 .
596 991 629 1030 .“
667 1013 715 1018 —
751 994 842 1031 642.
882 989 1111 1031 Dexteram
1143 993 1235 1030 olim
1267 992 1527 1030 emendatum.
1560 1012 1614 1017 —
1648 993 1740 1031 646.

247 1071 380 1110 penes
409 1074 488 1098 non
518 1062 770 1110 postponitur
801 1062 937 1108 solum,
971 1061 1038 1098 sed
1070 1062 1186 1098 etiam
1209 1061 1363 1108 longius
1388 1074 1409 1098 a
1432 1071 1496 1098 me
1522 1064 1740 1110 separatur,

255 1129 302 1166 cf.
320 1128 407 1166 Ter.
425 1128 519 1166 Hec.
542 1131 641 1167 535:
678 1143 799 1178 „quac
831 1133 870 1166 te
903 1133 961 1166 est
992 1128 1152 1178 penes“.
1186 1149 1241 1154 ——
1273 1130 1365 1167 647.
1399 1126 1469 1178 qm'
1499 1142 1571 1178 pro
1601 1127 1736 1177 „quis“

255 1197 348 1233 olim
381 1197 638 1233 emendatum.
717 1197 756 1234 Si
795 1211 930 1234 versus
970 1202 1078 1234 recte
1118 1199 1285 1246 scriptus
1317 1202 1393 1243 est,
1428 1194 1540 1234 intus
1570 1199 1743 1246 priorem

255 1265 430 1314 corripit.
508 1265 591 1310 Quo
632 1266 783 1301 numeri
822 1266 1019 1302 faciliores
1050 1265 1205 1312 fierent,
1251 1265 1390 1314 W'agn.
1429 1262 1588 1311 „mane“
1624 1265 1743 1302 semel

254 1333 422 1381 scripsit,
457 1332 571 1370 Both.
590 1332 709 1370 Weis.
730 1333 840 1371 Miill.
864 1332 1004 1381 .,ille“;
1036 1333 1192 1370 Muller.
1210 1338 1404 1384 praeterea
1439 1338 1591 1381 „tecum
1617 1332 1742 1380 erat“,

254 1400 500 1450 improbante
541 1400 726 1447 Luchsio,
775 1401 949 1439 Studem.
990 1401 1098 1439 Stud.
1131 1401 1167 1448 I,
1206 1416 1244 1451 p.
1285 1403 1349 1439 45.
1418 1401 1586 1438 Franck.
1632 1402 1743 1450 „quis

254 1469 331 1505 illic
373 1473 431 1505 est
472 1469 593 1515 alter,
641 1471 708 1518 qui
740 1471 844 1507 intus
884 1474 1011 1507 tecum
1051 1474 1135 1507 erat
1181 1468 1349 1506 simul‘?“
1398 1489 1455 1494 —
1500 1468 1743 1518 Suspiciosus

255 1536 380 1582 homo,
415 1538 597 1586 quoniam
623 1538 727 1587 apud
755 1537 967 1575 Strobilum
996 1538 1092 1574 nihil
1119 1539 1280 1580 invenit,
1314 1539 1389 1574 iam
1417 1551 1456 1574 se
1475 1537 1640 1574 alternm
1659 1550 1742 1574 cum

255 1618 299 1642 eo
331 1605 473 1641 vidisse
503 1606 755 1653 imaginatur.
789 1627 844 1632 ——
876 1607 954 1644 648
987 1619 1043 1655 sq.
1090 1602 1206 1644 Perii
1232 1637 1239 1644 .
1261 1636 1295 1643 ..
1331 1602 1461 1652 habet,
1494 1605 1576 1642 haec
1606 1605 1743 1642 Euclio

256 1687 397 1711 secum.
462 1669 612 1718 turbat,
653 1674 787 1711 turbas
819 1674 925 1712 facit.
958 1693 1013 1698 ——
1043 1671 1169 1722 hamc,
1217 1673 1453 1720 Strobilum,
1501 1669 1583 1719 hio,
1632 1673 1742 1719 alter,

255 1742 447 1789 δεικτικῶς;
493 1741 606 1779 Both.
641 1745 680 1779 et
710 1743 774 1780 Fr.
814 1740 977 1789 „hine“;
1024 1743 1171 1780 scilicet
1206 1741 1320 1789 „ille“
1357 1741 1635 1790 expectabant,
1677 1740 1744 1778 sed

257 1810 302 1847 cf.
337 1809 447 1859 Capt.
484 1811 602 1848 1006.
664 1810 747 1848 Mil.
784 1812 860 1848 379
903 1816 941 1847 et
973 1812 1075 1848 420:
1128 1823 1227 1860 „quo
1265 1809 1382 1847 modo
1422 1809 1503 1846 haec
1541 1809 1630 1846 hinc
1670 1809 1744 1846 11110

256 1882 423 1918 transire
461 1877 633 1930 potuit“.
709 1878 829 1916 Stich.
864 1880 964 1915 644:
1017 1878 1187 1924 „Cadum
1227 1878 1340 1914 modo
1379 1877 1467 1914 hinc
1507 1891 1527 1914 a
1566 1890 1628 1913 me
1670 1877 1744 1914 11110

258 1962 342 1986 011111
373 1950 465 1985 uino
496 1945 768 1985 transferam&
844 1946 956 1983 Truc.
992 1948 1091 1984 692:
1145 1946 1290 1992 „Quom
1332 1945 1404 1982 hoc
1443 1946 1517 1981 iam
1548 1945 1742 1993 uolupest,

259 2021 343 2053 tum
373 2016 445 2053 hoc
479 2014 570 2063 [est]
604 2017 724 2052 nimio
755 2027 916 2063 magnae
943 2014 1139 2051 melliniae
1163 2010 1541 2061 mihi“.-—clmitt0,
1575 2013 1742 2057 dimitto,

257 2098 291 2122 v.
327 2084 376 2121 ad
406 2085 516 2121 Asin.
546 2084 638 2121 604.
699 2082 756 2119 Ne
789 2083 874 2131 quis
911 2080 1034 2128 „Sed‘*v
1071 2085 1159 2119 ante
1195 2080 1344 2127 „hunc“
1381 2081 1590 2127 desideret,
1623 2095 1658 2118 v.
1694 2080 1744 2117 ad

257 2152 397 2201 Amph.
419 2153 512 2189 350.
537 2171 594 2176 ——
619 2152 711 2188 649.
744 2147 849 2187 Ῑιῑιηθ
878 2147 972 2196 iam,
1008 2150 1079 2186 hoc
1111 2149 1248 2187 ordine
1279 2150 1440 2196 Nonius,
1474 2151 1540 2198 qui
1570 2149 1629 2186 bis
1660 2162 1744 2186 ver-

257 2233 341 2257 sum
374 2219 498 2266 affert,
531 2233 568 2269 p.
603 2220 680 2256 317
714 2222 752 2254 et
783 2219 876 2256 469.
914 2215 1207 2266 perscrutazci,·
1238 2219 1367 2255 activa
1398 2218 1522 2255 forma
1553 2220 1746 2267 praeterea.

259 2301 306 2325 ex
336 2300 413 2324 uno
443 2287 649 2324 Ammiano
683 2286 855 2323 affertur.
888 2306 942 2310 —
972 2283 1074 2323 m'hil
1111 2283 1230 2324 habet
1267 2287 1358 2323 olim
1394 2285 1658 2323 emendatum.
1690 2304 1746 2310 —-

260 2355 352 2394 650.
401 2352 540 2404 dique,
580 2356 731 2403 antiqui
763 2354 849 2392 edd.
887 2352 1067 2402 „omnes“
1104 2354 1363 2400 addiderunt,
1407 2354 1524 2403 idque
1556 2355 1594 2390 in
1625 2352 1744 2389 B-in-

257 2425 385 2468 veniri
416 2423 627 2460 affirmavit
657 2421 866 2468 Gruterus,
906 2423 1025 2469 falso,
1071 2437 1141 2460 nec
1173 2424 1358 2460 omissum
1389 2421 1584 2459 offendere
1615 2421 1743 2467 debet,

259 2492 304 2530 cf.
339 2491 450 2541 Capt.
485 2492 577 2529 862.
621 2491 713 2528 903.
749 2491 841 2527 917.
903 2490 1029 2528 Casin.
1064 2492 1164 2528 253:
1215 2490 1426 2537 „Hercules
1469 2490 1586 2539 dique
1628 2491 1743 2526 istam

257 2558 474 2609 perdant!“
538 2559 630 2596 Haec
661 2558 779 2595 verba
811 2558 895 2595 cod.
928 2558 969 2595 B.
1004 2557 1174 2596 Strobilo
1206 2559 1366 2605 tribuit,
1405 2559 1584 2607 proxima
1615 2562 1744 2594 autem

260 2624 406 2677 (Haud
435 2624 541 2665 male
573 2657 580 2664 .
609 2657 616 2664 .
643 2657 651 2664 .
681 2623 858 2676 9)·αΐία8)
902 2626 1100 2673 Euclioni,
1147 2631 1275 2673 recte,
1322 2626 1458 2663 Euclio
1490 2625 1563 2662 sibi
1595 2625 1744 2672 gratias

259 2709 411 2733 merere
443 2695 611 2741 videtur,
646 2694 749 2744 quod
782 2694 993 2731 Strobilum
1026 2694 1234 2732 dimiserit.
1300 2694 1526 2731 Deteriores
1558 2692 1669 2730 codd.
1704 2696 1745 2728 et

260 2764 453 2801 editorum
506 2763 684 2812 plerique
729 2775 984 2812 personarum
1031 2762 1208 2798 ordinem
1255 2763 1476 2807 invertunt3
1533 2774 1668 2797 verum
1713 2760 1746 2797 si
